date,source_id,revenue
8/1/14,PA0368,5717
1/31/14,PA0277,1380
6/9/14,PA0745,7535
9/1/14,PA0751,2868
3/12/14,PA0859,10757
8/10/14,PA0470,9988
9/4/14,PA0482,9389
12/6/14,PA0482,2744
6/2/14,PA0830,859
2/11/14,PA0958,4132
6/10/14,PA0923,2820
8/6/14,PA0958,1255
9/18/14,PA0394,7495
7/17/14,PA0552,10749
4/21/14,PA0293,1940
11/24/14,PA0751,3824
5/2/14,PA0696,1108
9/5/14,PA0751,6327
5/16/14,PA0293,4261
1/18/14,PA0470,4142
12/19/14,PA0277,5426
5/4/14,PA0270,6573
7/12/14,PA0808,6792
6/23/14,PA0659,4005
3/25/14,PA0873,398
3/13/14,PA0308,9051
10/16/14,PA0270,10073
8/7/14,PA0198,8144
6/12/14,PA0368,8271
11/8/14,PA0752,1574
7/9/14,PA0659,9447
4/19/14,PA0293,5481
6/26/14,PA0258,3069
3/16/14,PA0482,4110
5/19/14,PA0751,1184
1/4/14,PA0830,8168
11/25/14,PA0859,3702
11/13/14,PA0751,2849
8/21/14,PA0745,3969
5/22/14,PA0607,267
7/25/14,PA0732,5475
3/19/14,PA0607,8875
8/14/14,PA0368,2017
4/28/14,PA0952,3983
6/3/14,PA0368,7888
3/20/14,PA0474,2069
1/15/14,PA0057,7177
4/24/14,PA0696,6695
12/21/14,PA0659,468
12/10/14,PA0843,2885
12/8/14,PA0352,5555
8/10/14,PA0174,5686
7/18/14,PA0352,8506
6/10/14,PA0338,5871
8/16/14,PA0607,10269
8/7/14,PA0973,1936
9/20/14,PA0293,7537
5/25/14,PA0368,814
11/20/14,PA0534,5513
12/21/14,PA0696,8675
11/9/14,PA0526,345
9/11/14,PA0057,11730
5/9/14,PA0474,2874
11/14/14,PA0577,4376
6/22/14,PA0526,5669
2/1/14,PA0808,766
7/22/14,PA0923,5038
3/31/14,PA0168,4409
8/21/14,PA0198,6991
6/28/14,PA0126,6149
3/11/14,PA0470,926
8/12/14,PA0619,7634
4/19/14,PA0792,5245
12/23/14,PA0900,7578
7/9/14,PA0293,4993
10/19/14,PA0338,11315
5/2/14,PA0745,6802
3/6/14,PA0526,3306
3/8/14,PA0873,5922
1/29/14,PA0258,6271
11/28/14,PA0354,3657
7/21/14,PA0318,2553
2/17/14,PA0696,1618
12/2/14,PA0474,86
12/4/14,PA0923,1290
6/4/14,PA0672,5788
7/29/14,PA0168,10593
9/19/14,PA0474,1596
8/18/14,PA0923,605
3/3/14,PA0973,9125
10/17/14,PA0526,3483
3/15/14,PA0577,6921
11/11/14,PA0198,3213
10/25/14,PA0543,7815
11/11/14,PA0270,10150
4/18/14,PA0659,10557
6/24/14,PA0168,1231
9/5/14,PA0318,5105
6/24/14,PA0792,8812
7/20/14,PA0474,474
11/29/14,PA0411,11791
9/15/14,PA0973,11353
3/30/14,PA0352,8500
10/13/14,PA0527,8734
1/22/14,PA0552,472
5/12/14,PA0958,993
9/25/14,PA0923,6339
3/25/14,PA0174,1746
8/26/14,PA0308,2205
9/9/14,PA0318,6379
12/16/14,PA0659,11582
2/25/14,PA0482,6035
12/7/14,PA0672,3561
4/3/14,PA0732,6796
4/22/14,PA0168,4137
6/29/14,PA0057,11824
5/4/14,PA0923,6330
4/10/14,PA0368,10114
4/19/14,PA0352,829
12/30/14,PA0619,11008
9/30/14,PA0792,10970
12/15/14,PA0198,1085
1/5/14,PA0470,2800
9/25/14,PA0368,9797
9/12/14,PA0973,984
1/19/14,PA0745,933
1/5/14,PA0168,8946
3/31/14,PA0318,8747
5/3/14,PA0607,8030
4/25/14,PA0830,2499
7/10/14,PA0859,6594
7/22/14,PA0973,11618
12/7/14,PA0745,3119
7/26/14,PA0527,1894
1/2/14,PA0411,668
4/15/14,PA0126,4415
12/19/14,PA0745,NA
11/5/14,PA0526,11755
6/2/14,PA0859,2371
5/26/14,PA0952,1583
1/20/14,PA0696,1372
7/19/14,PA0354,5772
12/1/14,PA0126,11522
7/28/14,PA0696,4468
3/22/14,PA0808,11039
5/30/14,PA0270,11586
7/1/14,PA0126,2603
12/6/14,PA0534,2428
7/20/14,PA0308,5283
2/24/14,PA0732,9331
10/31/14,PA0527,10899
5/28/14,PA0659,2232
11/30/14,PA0368,8995
1/30/14,PA0751,7982
6/18/14,PA0678,1361
5/12/14,PA0168,1781
10/31/14,PA0696,1024
6/27/14,PA0659,7388
6/2/14,PA0952,11340
5/29/14,PA0678,3705
11/6/14,PA0952,6221
9/8/14,PA0338,3107
11/20/14,PA0202,2689
8/30/14,PA0352,2740
10/16/14,PA0470,11115
9/4/14,PA0338,10476
9/14/14,PA0751,9627
9/10/14,PA0198,2711
4/22/14,PA0470,7805
12/19/14,PA0527,NA
12/3/14,PA0467,10108
1/22/14,PA0318,4531
11/7/14,PA0923,1125
3/1/14,PA0354,10200
4/15/14,PA0607,496
7/12/14,PA0354,6422
11/12/14,PA0552,6610
11/11/14,PA0923,9252
6/1/14,PA0318,2071
5/30/14,PA0873,6873
9/15/14,PA0258,2252
9/9/14,PA0607,9043
9/15/14,PA0659,7251
5/7/14,PA0672,11256
11/5/14,PA0659,NA
2/13/14,PA0732,6499
11/12/14,PA0952,9265
5/3/14,PA0696,8461
12/25/14,PA0277,834
6/21/14,PA0467,8084
2/24/14,PA0659,11405
11/18/14,PA0751,11362
7/22/14,PA0830,2468
10/27/14,PA0308,721
4/11/14,PA0672,1572
2/18/14,PA0258,6674
8/28/14,PA0552,1556
4/2/14,PA0174,5172
1/12/14,PA0659,3869
4/29/14,PA0792,7986
7/7/14,PA0973,5818
4/8/14,PA0169,959
5/21/14,PA0338,3950
4/21/14,PA0732,8484
6/15/14,PA0411,8363
10/19/14,PA0354,6090
7/19/14,PA0792,5563
12/9/14,PA0900,5470
1/15/14,PA0900,10716
11/10/14,PA0577,6753
2/2/14,PA0354,4582
12/16/14,PA0732,5605
9/6/14,PA0952,6213
3/29/14,PA0923,1702
5/25/14,PA0543,2569
7/13/14,PA0169,1545
10/16/14,PA0958,2006
8/9/14,PA0174,3548
3/20/14,PA0830,2326
12/11/14,PA0543,11495
11/2/14,PA0843,1728
8/10/14,PA0958,2034
12/10/14,PA0202,1804
2/25/14,PA0873,1483
8/23/14,PA0174,7180
5/27/14,PA0202,1852
9/25/14,PA0659,6441
5/19/14,PA0057,11304
12/22/14,PA0830,11485
2/5/14,PA0900,3263
8/21/14,PA0830,11031
8/21/14,PA0293,7908
8/24/14,PA0526,5002
2/3/14,PA0482,1432
3/2/14,PA0607,4442
1/17/14,PA0792,10519
1/2/14,PA0293,3742
7/2/14,PA0394,10985
3/1/14,PA0973,8071
10/21/14,PA0277,1271
3/25/14,PA0696,4152
6/13/14,PA0057,11867
12/10/14,PA0830,759
12/4/14,PA0198,2201
11/14/14,PA0534,4393
4/18/14,PA0973,1863
4/13/14,PA0752,1655
7/18/14,PA0973,11557
5/26/14,PA0900,5943
8/13/14,PA0543,6563
10/9/14,PA0057,6334
9/10/14,PA0258,10384
2/23/14,PA0830,2763
12/22/14,PA0277,3751
8/23/14,PA0843,8534
2/1/14,PA0277,8628
6/21/14,PA0168,759
1/5/14,PA0338,8140
7/15/14,PA0338,10671
5/1/14,PA0338,3310
3/1/14,PA0169,1413
9/4/14,PA0659,9277
7/21/14,PA0659,10223
9/16/14,PA0678,815
9/20/14,PA0859,11616
6/24/14,PA0577,2192
8/14/14,PA0859,3813
11/12/14,PA0808,348
12/26/14,PA0482,9254
5/10/14,PA0732,10024
11/7/14,PA0368,11369
7/29/14,PA0467,2326
8/17/14,PA0527,7128
3/14/14,PA0792,11966
11/15/14,PA0607,3259
11/22/14,PA0258,518
5/7/14,PA0270,6481
5/19/14,PA0808,6854
9/23/14,PA0169,3343
6/5/14,PA0394,2405
10/22/14,PA0952,5446
7/22/14,PA0696,6093
11/17/14,PA0318,4547
11/19/14,PA0368,5760
8/30/14,PA0411,1680
6/27/14,PA0552,7054
7/12/14,PA0534,2033
6/4/14,PA0958,6763
12/2/14,PA0732,1680
7/20/14,PA0552,2399
10/17/14,PA0732,8226
3/23/14,PA0057,7349
8/28/14,PA0873,7178
11/29/14,PA0474,5001
11/1/14,PA0696,4521
9/7/14,PA0202,3708
9/14/14,PA0169,5130
3/12/14,PA0792,4376
12/4/14,PA0352,1709
3/27/14,PA0843,11578
4/2/14,PA0973,5334
5/9/14,PA0202,7948
12/16/14,PA0277,1704
8/8/14,PA0411,4068
7/19/14,PA0958,199
6/24/14,PA0527,8228
10/24/14,PA0394,4932
8/21/14,PA0958,4059
5/20/14,PA0270,6181
5/9/14,PA0352,6254
10/19/14,PA0859,1116
4/12/14,PA0732,6324
4/5/14,PA0958,10339
12/27/14,PA0368,10069
12/23/14,PA0552,10924
11/29/14,PA0318,4050
12/4/14,PA0394,3695
2/23/14,PA0873,1471
2/1/14,PA0168,6235
8/23/14,PA0169,11402
10/10/14,PA0843,373
12/30/14,PA0552,10471
2/10/14,PA0270,632
6/14/14,PA0258,645
4/23/14,PA0859,3867
6/6/14,PA0534,597
3/18/14,PA0672,3045
7/6/14,PA0900,4042
3/13/14,PA0270,5771
6/10/14,PA0394,6886
2/15/14,PA0678,4244
5/28/14,PA0308,4913
6/6/14,PA0952,3738
7/19/14,PA0900,7213
5/15/14,PA0873,2261
3/7/14,PA0952,1974
10/13/14,PA0859,3919
3/11/14,PA0277,991
8/8/14,PA0168,10335
3/24/14,PA0659,8113
5/16/14,PA0270,6374
12/12/14,PA0168,2320
12/13/14,PA0873,6061
11/17/14,PA0174,494
7/23/14,PA0873,11205
9/10/14,PA0732,5483
7/22/14,PA0482,8978
5/11/14,PA0808,4005
1/18/14,PA0168,11423
1/5/14,PA0202,2224
1/3/14,PA0958,1108
11/8/14,PA0293,6592
5/17/14,PA0952,6782
11/12/14,PA0482,3164
1/12/14,PA0873,3517
7/22/14,PA0293,9187
12/12/14,PA0923,6619
10/31/14,PA0174,6943
9/29/14,PA0607,10809
8/30/14,PA0202,1710
7/7/14,PA0900,9820
1/19/14,PA0277,6875
1/2/14,PA0751,8519
12/23/14,PA0808,10986
6/10/14,PA0057,5520
2/26/14,PA0198,1100
9/17/14,PA0470,8091
11/11/14,PA0843,2183
9/30/14,PA0952,6275
12/19/14,PA0526,5303
7/29/14,PA0293,4394
8/19/14,PA0745,5530
6/22/14,PA0354,6816
5/5/14,PA0126,9105
10/25/14,PA0900,10701
5/5/14,PA0258,1334
7/18/14,PA0174,7614
7/2/14,PA0168,2371
12/16/14,PA0973,5314
5/6/14,PA0672,5803
10/22/14,PA0482,1689
1/3/14,PA0057,367
11/6/14,PA0526,8355
5/22/14,PA0168,4497
3/26/14,PA0277,8428
10/27/14,PA0198,8039
11/16/14,PA0873,6509
7/31/14,PA0338,268
4/27/14,PA0808,723
9/27/14,PA0057,4004
2/6/14,PA0411,8687
12/31/14,PA0318,11719
8/12/14,PA0526,4146
3/30/14,PA0467,1562
3/22/14,PA0619,2621
3/21/14,PA0678,760
9/27/14,PA0338,3443
8/21/14,PA0174,11889
5/7/14,PA0830,6317
2/11/14,PA0174,8617
10/30/14,PA0293,9742
9/29/14,PA0338,8505
10/8/14,PA0258,3074
5/25/14,PA0474,4432
11/5/14,PA0482,9114
6/2/14,PA0467,4134
4/3/14,PA0338,2506
9/19/14,PA0527,10057
12/30/14,PA0368,7937
7/11/14,PA0470,8020
5/31/14,PA0318,4159
6/18/14,PA0745,7311
1/30/14,PA0873,5795
1/3/14,PA0843,9543
9/11/14,PA0619,2124
9/1/14,PA0470,5112
2/20/14,PA0830,7265
10/4/14,PA0368,6110
8/16/14,PA0958,3528
2/14/14,PA0277,4784
4/9/14,PA0526,2723
11/1/14,PA0900,5788
1/12/14,PA0577,4604
1/20/14,PA0258,7482
11/8/14,PA0308,2941
1/5/14,PA0952,6298
12/11/14,PA0467,9129
7/1/14,PA0338,5478
1/14/14,PA0745,653
1/6/14,PA0526,8578
7/7/14,PA0198,3489
4/18/14,PA0202,7142
8/25/14,PA0873,6231
1/6/14,PA0859,9155
8/10/14,PA0126,475
9/6/14,PA0270,423
8/4/14,PA0732,7210
6/13/14,PA0174,2657
9/19/14,PA0169,4515
10/23/14,PA0270,3115
2/22/14,PA0174,3769
4/9/14,PA0474,11813
12/26/14,PA0859,5984
10/24/14,PA0354,1125
5/28/14,PA0202,1585
6/9/14,PA0202,9800
6/24/14,PA0973,1154
2/6/14,PA0808,8986
1/3/14,PA0169,11829
12/12/14,PA0394,4154
5/31/14,PA0526,7854
12/7/14,PA0607,5133
2/5/14,PA0394,7672
6/25/14,PA0873,1631
4/23/14,PA0619,4706
12/7/14,PA0973,2080
12/26/14,PA0394,9431
7/11/14,PA0526,1991
12/16/14,PA0527,10943
12/3/14,PA0293,5897
11/7/14,PA0552,547
2/14/14,PA0751,6710
4/2/14,PA0394,2556
8/5/14,PA0543,6121
11/29/14,PA0543,5164
4/15/14,PA0659,3995
3/27/14,PA0552,6522
7/4/14,PA0270,3421
12/19/14,PA0672,11885
3/25/14,PA0619,3245
8/29/14,PA0293,7767
7/15/14,PA0318,11831
3/16/14,PA0394,NA
6/10/14,PA0534,11116
9/29/14,PA0168,4741
2/6/14,PA0368,734
7/2/14,PA0659,2339
4/8/14,PA0277,2071
4/21/14,PA0678,11026
4/20/14,PA0678,11864
9/14/14,PA0732,6310
2/15/14,PA0198,3004
10/21/14,PA0368,6688
10/21/14,PA0752,2864
2/18/14,PA0338,812
11/16/14,PA0732,3225
11/17/14,PA0467,8419
5/24/14,PA0543,7567
5/14/14,PA0277,11111
8/14/14,PA0577,9023
10/2/14,PA0745,6575
1/29/14,PA0474,2518
8/23/14,PA0830,8559
5/1/14,PA0293,9261
3/21/14,PA0534,4352
5/6/14,PA0293,10842
5/7/14,PA0174,4230
2/27/14,PA0577,169
9/21/14,PA0552,10051
12/30/14,PA0751,7305
1/18/14,PA0482,6035
6/12/14,PA0732,4071
9/9/14,PA0126,7951
2/9/14,PA0552,6488
11/26/14,PA0552,3914
3/13/14,PA0923,10151
7/19/14,PA0174,6290
4/12/14,PA0394,3726
9/19/14,PA0745,7569
7/22/14,PA0732,6604
5/4/14,PA0169,9901
9/4/14,PA0745,315
10/15/14,PA0534,5366
12/4/14,PA0277,10140
9/22/14,PA0732,10839
12/1/14,PA0619,7420
4/23/14,PA0534,7899
11/17/14,PA0952,11636
8/20/14,PA0808,11502
3/23/14,PA0293,2590
11/16/14,PA0470,7423
9/21/14,PA0808,808
7/6/14,PA0607,9132
9/12/14,PA0751,3386
4/27/14,PA0696,9229
1/6/14,PA0873,7041
4/8/14,PA0552,7676
8/17/14,PA0277,1992
8/23/14,PA0873,9481
7/5/14,PA0198,10351
11/17/14,PA0830,6274
6/10/14,PA0958,4048
7/10/14,PA0168,6585
2/21/14,PA0338,2535
9/1/14,PA0830,4364
10/8/14,PA0577,8016
10/5/14,PA0467,4770
7/24/14,PA0527,5585
8/24/14,PA0168,5907
3/30/14,PA0808,1782
2/14/14,PA0168,6777
6/23/14,PA0526,9207
7/22/14,PA0672,7876
6/4/14,PA0352,5023
8/16/14,PA0394,3306
6/18/14,PA0534,3470
5/24/14,PA0352,10570
1/30/14,PA0732,10380
6/25/14,PA0752,4604
4/13/14,PA0202,3523
5/5/14,PA0270,8875
11/20/14,PA0543,702
3/14/14,PA0527,1659
4/5/14,PA0607,6117
11/23/14,PA0859,10285
10/16/14,PA0411,6488
5/14/14,PA0394,7748
1/19/14,PA0534,5617
12/4/14,PA0526,4580
8/24/14,PA0411,7190
8/17/14,PA0619,854
6/16/14,PA0411,11049
4/20/14,PA0202,10310
11/22/14,PA0607,10564
3/31/14,PA0411,9584
1/12/14,PA0474,9810
2/17/14,PA0198,4144
12/3/14,PA0394,10576
11/23/14,PA0830,11389
2/5/14,PA0732,11595
9/6/14,PA0900,5030
3/26/14,PA0696,5585
7/24/14,PA0973,642
7/23/14,PA0368,9075
1/8/14,PA0607,11801
9/25/14,PA0607,2904
9/11/14,PA0411,3952
9/1/14,PA0169,4409
2/4/14,PA0952,10328
3/25/14,PA0672,10470
7/23/14,PA0958,11124
9/17/14,PA0318,6491
8/23/14,PA0552,4674
4/2/14,PA0467,2578
11/4/14,PA0859,4322
3/19/14,PA0198,2963
2/13/14,PA0467,2793
5/30/14,PA0830,4532
12/21/14,PA0169,10946
8/8/14,PA0467,1528
1/17/14,PA0830,5191
6/17/14,PA0202,9672
1/19/14,PA0202,10194
11/13/14,PA0958,10692
12/19/14,PA0607,4652
12/15/14,PA0958,5901
11/23/14,PA0354,6695
8/15/14,PA0169,9652
6/30/14,PA0745,11414
12/29/14,PA0169,2142
6/19/14,PA0354,10607
5/25/14,PA0470,11194
1/28/14,PA0859,6921
2/25/14,PA0619,11383
2/5/14,PA0792,NA
12/16/14,PA0482,11574
8/21/14,PA0126,1158
6/13/14,PA0672,474
5/30/14,PA0843,8142
8/9/14,PA0198,10223
5/27/14,PA0552,7352
5/4/14,PA0057,148
8/31/14,PA0543,11142
11/21/14,PA0923,5143
8/13/14,PA0482,4179
6/15/14,PA0830,6101
10/25/14,PA0308,10925
2/24/14,PA0577,7264
5/21/14,PA0526,2782
3/11/14,PA0958,8924
6/7/14,PA0923,178
12/1/14,PA0745,707
5/9/14,PA0923,5321
3/8/14,PA0126,1115
6/20/14,PA0198,7994
4/23/14,PA0745,1606
5/1/14,PA0543,5677
12/12/14,PA0258,2006
12/30/14,PA0293,891
4/18/14,PA0352,5171
3/26/14,PA0352,10845
10/24/14,PA0270,11624
9/17/14,PA0057,122
10/24/14,PA0659,11293
1/3/14,PA0202,5765
7/2/14,PA0973,1051
1/3/14,PA0174,6063
3/8/14,PA0368,4573
10/5/14,PA0672,1778
8/27/14,PA0354,8048
12/9/14,PA0526,3426
3/19/14,PA0752,11378
3/22/14,PA0293,774
8/25/14,PA0482,3876
11/14/14,PA0318,7215
5/7/14,PA0543,1908
5/1/14,PA0198,5535
7/5/14,PA0277,10844
2/1/14,PA0354,6081
7/14/14,PA0467,2184
6/13/14,PA0745,11407
7/4/14,PA0792,2857
10/22/14,PA0474,10129
6/27/14,PA0474,3405
4/20/14,PA0338,747
8/15/14,PA0732,1484
10/12/14,PA0293,9340
6/16/14,PA0859,4705
5/16/14,PA0830,7052
11/5/14,PA0577,5091
4/20/14,PA0843,9009
4/26/14,PA0474,4496
4/16/14,PA0923,11742
4/20/14,PA0619,4040
5/17/14,PA0169,199
2/4/14,PA0169,945
11/14/14,PA0470,1028
6/9/14,PA0467,11823
6/13/14,PA0552,9708
7/20/14,PA0168,3371
2/9/14,PA0843,254
9/11/14,PA0696,5228
3/20/14,PA0958,5201
4/3/14,PA0411,10780
4/4/14,PA0293,10074
9/3/14,PA0352,1613
2/2/14,PA0338,9329
11/19/14,PA0293,100
11/8/14,PA0830,6982
3/31/14,PA0751,11031
7/27/14,PA0577,234
11/26/14,PA0859,8713
6/24/14,PA0258,6564
10/24/14,PA0318,10608
2/10/14,PA0745,2859
4/17/14,PA0543,5655
10/19/14,PA0198,9845
11/11/14,PA0696,5835
5/5/14,PA0672,340
4/2/14,PA0745,2831
3/24/14,PA0277,8527
4/28/14,PA0543,10118
2/21/14,PA0752,1270
5/14/14,PA0696,6726
9/4/14,PA0368,3914
10/22/14,PA0958,6405
6/20/14,PA0952,6054
9/5/14,PA0619,200
6/7/14,PA0394,2115
7/26/14,PA0830,8453
5/21/14,PA0308,7891
10/25/14,PA0732,5607
11/22/14,PA0534,11467
11/6/14,PA0202,9066
5/14/14,PA0843,3740
10/5/14,PA0338,9404
1/4/14,PA0352,4993
10/20/14,PA0258,7962
3/24/14,PA0619,2932
11/27/14,PA0696,3012
10/17/14,PA0958,9336
3/6/14,PA0659,1633
8/1/14,PA0923,2075
5/20/14,PA0534,2198
10/23/14,PA0534,9565
10/25/14,PA0792,7323
6/5/14,PA0277,4806
1/21/14,PA0534,10192
2/5/14,PA0952,4894
1/27/14,PA0859,4018
2/11/14,PA0338,7502
6/26/14,PA0792,4653
7/12/14,PA0270,2705
8/23/14,PA0467,4821
7/19/14,PA0659,2262
3/5/14,PA0808,8341
9/27/14,PA0174,10612
5/2/14,PA0808,1440
6/7/14,PA0958,8885
3/16/14,PA0678,3582
4/4/14,PA0467,2962
8/31/14,PA0696,2423
12/21/14,PA0411,28
3/12/14,PA0619,3947
5/6/14,PA0619,8937
8/10/14,PA0482,3518
6/25/14,PA0958,11756
9/29/14,PA0394,10071
1/14/14,PA0394,4023
11/14/14,PA0751,612
1/3/14,PA0696,9245
7/12/14,PA0745,5522
11/21/14,PA0543,2674
5/8/14,PA0258,8376
3/10/14,PA0552,10247
6/5/14,PA0678,6584
8/31/14,PA0607,5487
9/17/14,PA0958,7721
7/28/14,PA0751,3002
7/25/14,PA0696,6994
10/17/14,PA0973,10560
4/4/14,PA0527,4901
9/20/14,PA0873,9025
12/13/14,PA0958,742
12/25/14,PA0126,7385
5/11/14,PA0482,23
9/24/14,PA0619,10333
10/13/14,PA0474,8794
4/9/14,PA0923,9074
4/11/14,PA0352,1511
6/7/14,PA0973,354
3/23/14,PA0174,1876
12/31/14,PA0843,4878
10/7/14,PA0470,5259
4/14/14,PA0678,9209
2/12/14,PA0057,4034
12/19/14,PA0619,10654
7/10/14,PA0696,9150
7/9/14,PA0368,4691
3/16/14,PA0318,1898
6/17/14,PA0277,9121
1/24/14,PA0394,5187
3/24/14,PA0534,1894
6/30/14,PA0678,1098
7/14/14,PA0843,7855
8/21/14,PA0808,5119
3/30/14,PA0057,9589
9/3/14,PA0270,885
8/8/14,PA0873,2766
9/22/14,PA0659,605
2/24/14,PA0696,113
8/6/14,PA0126,1131
10/23/14,PA0577,2550
7/21/14,PA0270,8409
11/4/14,PA0126,1895
5/19/14,PA0411,981
3/19/14,PA0126,5429
7/14/14,PA0672,134
3/30/14,PA0900,2199
4/13/14,PA0308,8738
9/2/14,PA0411,625
3/14/14,PA0973,10360
4/11/14,PA0830,11803
4/3/14,PA0843,3701
10/18/14,PA0308,5033
5/16/14,PA0672,6008
1/6/14,PA0308,9426
6/22/14,PA0126,11382
4/11/14,PA0577,9853
3/4/14,PA0474,11252
8/31/14,PA0293,2574
11/14/14,PA0394,8086
5/28/14,PA0169,9829
11/25/14,PA0552,2738
9/9/14,PA0534,1260
6/1/14,PA0792,8669
2/20/14,PA0482,7815
6/28/14,PA0368,11789
9/20/14,PA0534,5482
8/20/14,PA0751,826
12/15/14,PA0792,631
11/5/14,PA0293,3588
3/29/14,PA0751,3594
5/24/14,PA0808,6117
4/7/14,PA0619,7770
9/6/14,PA0534,746
1/29/14,PA0169,8992
5/6/14,PA0958,9852
4/10/14,PA0900,670
1/27/14,PA0174,4064
11/2/14,PA0474,3373
1/3/14,PA0411,10757
12/13/14,PA0318,10572
12/14/14,PA0752,10683
11/30/14,PA0202,9050
4/28/14,PA0318,3569
9/4/14,PA0470,8737
2/8/14,PA0732,5297
3/26/14,PA0873,2516
2/19/14,PA0318,10691
6/6/14,PA0411,8179
1/25/14,PA0258,10070
10/7/14,PA0352,135
10/5/14,PA0277,8918
6/16/14,PA0126,4922
3/23/14,PA0543,1241
6/26/14,PA0543,10406
5/20/14,PA0678,1990
12/31/14,PA0270,5237
7/12/14,PA0792,3590
10/6/14,PA0270,5103
5/27/14,PA0958,590
4/18/14,PA0808,9875
3/13/14,PA0258,6335
11/8/14,PA0659,7730
9/20/14,PA0202,10326
8/26/14,PA0338,4676
12/7/14,PA0830,2209
2/19/14,PA0751,8319
5/12/14,PA0352,35
10/15/14,PA0258,549
12/17/14,PA0174,2752
9/14/14,PA0198,952
6/22/14,PA0672,5765
6/25/14,PA0352,1252
5/10/14,PA0394,6844
8/28/14,PA0168,10442
4/2/14,PA0411,98
11/22/14,PA0202,6881
11/22/14,PA0752,7116
4/12/14,PA0293,6842
4/16/14,PA0752,11367
6/27/14,PA0258,2432
12/29/14,PA0474,7580
9/21/14,PA0174,438
8/19/14,PA0352,10831
10/27/14,PA0696,10766
4/6/14,PA0338,3863
11/5/14,PA0318,416
2/11/14,PA0293,7160
3/9/14,PA0534,6731
4/16/14,PA0318,2214
2/15/14,PA0411,4945
4/19/14,PA0732,410
10/17/14,PA0198,4221
12/20/14,PA0577,9174
6/8/14,PA0293,7772
11/26/14,PA0672,8831
4/30/14,PA0900,10505
5/13/14,PA0169,2473
8/22/14,PA0732,4233
9/3/14,PA0900,2601
12/27/14,PA0732,7022
11/13/14,PA0482,10795
7/2/14,PA0900,1554
7/8/14,PA0394,10009
2/19/14,PA0057,4301
7/26/14,PA0732,11521
5/17/14,PA0659,11886
12/19/14,PA0057,6497
4/29/14,PA0619,8917
5/29/14,PA0411,7081
8/28/14,PA0808,6884
9/12/14,PA0354,2435
12/16/14,PA0830,329
12/31/14,PA0659,5132
7/12/14,PA0900,7842
6/22/14,PA0752,8157
5/6/14,PA0900,10002
5/2/14,PA0526,5461
1/25/14,PA0859,286
10/6/14,PA0923,9638
12/16/14,PA0411,11637
6/5/14,PA0168,8098
12/4/14,PA0958,9637
9/22/14,PA0808,8150
6/20/14,PA0168,11023
3/24/14,PA0338,9461
1/19/14,PA0923,5068
1/30/14,PA0474,3934
5/16/14,PA0900,3410
8/23/14,PA0534,4671
4/3/14,PA0552,5381
3/18/14,PA0859,982
4/23/14,PA0973,4049
10/23/14,PA0527,8426
11/21/14,PA0126,5506
4/12/14,PA0057,9024
6/12/14,PA0696,7979
7/2/14,PA0482,NA
9/2/14,PA0174,2890
8/15/14,PA0527,4857
3/15/14,PA0830,5599
3/18/14,PA0752,480
3/21/14,PA0198,6657
7/16/14,PA0859,6935
6/25/14,PA0168,6280
12/26/14,PA0202,11714
2/18/14,PA0293,1676
6/6/14,PA0843,5532
2/6/14,PA0923,8722
4/25/14,PA0973,9840
9/2/14,PA0198,3543
7/23/14,PA0534,10781
11/30/14,PA0745,4331
3/26/14,PA0619,8901
5/27/14,PA0126,NA
5/26/14,PA0338,8908
7/14/14,PA0745,10098
11/13/14,PA0354,10229
1/17/14,PA0751,4042
7/18/14,PA0843,6165
1/2/14,PA0318,2309
5/31/14,PA0467,4755
7/7/14,PA0732,9858
1/2/14,PA0169,3065
3/19/14,PA0900,6820
5/29/14,PA0607,2822
7/6/14,PA0659,4312
9/18/14,PA0659,2496
7/11/14,PA0126,3994
6/4/14,PA0338,1515
10/29/14,PA0411,4364
5/23/14,PA0973,8463
2/18/14,PA0474,2749
5/24/14,PA0168,1343
5/7/14,PA0352,7450
3/12/14,PA0900,6288
10/23/14,PA0843,8762
2/11/14,PA0672,11035
6/25/14,PA0577,3444
5/16/14,PA0470,3155
12/15/14,PA0577,2817
6/17/14,PA0527,6212
7/20/14,PA0659,2515
12/2/14,PA0169,11736
12/16/14,PA0258,2107
7/7/14,PA0751,9207
3/9/14,PA0467,4086
8/10/14,PA0552,4178
10/27/14,PA0258,7329
3/7/14,PA0678,7756
4/16/14,PA0659,3964
6/26/14,PA0552,11632
6/12/14,PA0619,5139
7/19/14,PA0752,2142
2/9/14,PA0923,7564
2/7/14,PA0308,8567
12/11/14,PA0308,4266
6/22/14,PA0696,3353
3/18/14,PA0169,2012
7/23/14,PA0470,5199
11/19/14,PA0543,1020
1/9/14,PA0958,3738
6/5/14,PA0470,6715
12/10/14,PA0308,2090
3/10/14,PA0751,2467
3/25/14,PA0202,3584
12/20/14,PA0308,8824
11/24/14,PA0607,7035
8/14/14,PA0470,5251
10/11/14,PA0411,2817
6/16/14,PA0526,9984
7/24/14,PA0678,297
1/11/14,PA0745,6759
5/16/14,PA0126,11340
3/7/14,PA0752,337
9/14/14,PA0752,6550
1/24/14,PA0678,823
6/23/14,PA0470,9530
5/24/14,PA0751,9753
12/14/14,PA0859,3587
4/30/14,PA0308,9375
9/14/14,PA0843,11089
7/25/14,PA0198,7860
12/3/14,PA0552,994
2/13/14,PA0470,10314
6/10/14,PA0696,7966
6/30/14,PA0258,4013
4/1/14,PA0607,4452
2/24/14,PA0057,3143
7/12/14,PA0952,5334
7/13/14,PA0352,5836
4/8/14,PA0751,5330
4/3/14,PA0168,7523
3/2/14,PA0318,8934
3/19/14,PA0859,2014
3/11/14,PA0308,9123
3/29/14,PA0474,8511
11/29/14,PA0258,4503
5/28/14,PA0696,5749
4/3/14,PA0958,8867
4/27/14,PA0482,2334
8/11/14,PA0607,252
3/8/14,PA0696,5844
9/11/14,PA0534,11084
12/14/14,PA0619,8214
12/18/14,PA0270,7033
2/5/14,PA0577,2857
9/3/14,PA0174,9802
12/13/14,PA0745,5803
10/30/14,PA0577,11192
11/24/14,PA0482,6032
4/21/14,PA0174,3310
9/27/14,PA0352,10416
3/1/14,PA0607,5927
8/29/14,PA0318,10596
3/12/14,PA0168,2592
7/22/14,PA0843,5112
6/7/14,PA0751,4374
4/27/14,PA0474,7224
9/5/14,PA0368,6957
7/14/14,PA0923,4959
9/3/14,PA0672,10073
6/16/14,PA0808,4163
9/14/14,PA0923,1062
7/8/14,PA0174,300
1/5/14,PA0552,5087
11/13/14,PA0552,933
9/23/14,PA0752,471
11/12/14,PA0678,9282
3/21/14,PA0672,5085
8/6/14,PA0843,2252
2/1/14,PA0126,3375
10/21/14,PA0923,10045
3/14/14,PA0552,9299
11/4/14,PA0752,453
3/15/14,PA0745,4970
12/30/14,PA0411,810
11/6/14,PA0482,1954
7/10/14,PA0411,278
4/21/14,PA0973,10025
8/27/14,PA0270,4400
5/10/14,PA0318,8809
11/29/14,PA0527,10819
10/1/14,PA0619,5057
5/13/14,PA0830,7414
4/4/14,PA0607,1371
11/19/14,PA0338,5302
11/5/14,PA0057,8996
10/13/14,PA0198,4767
3/24/14,PA0808,10512
7/24/14,PA0474,2510
1/10/14,PA0678,10700
1/1/14,PA0527,8602
11/7/14,PA0900,4491
3/18/14,PA0830,126
12/9/14,PA0659,5035
11/26/14,PA0534,4245
12/11/14,PA0751,10438
1/21/14,PA0859,1756
1/18/14,PA0792,5067
12/21/14,PA0859,1605
7/25/14,PA0293,11064
12/13/14,PA0338,10220
3/21/14,PA0696,6355
9/28/14,PA0168,10721
12/7/14,PA0659,4807
12/18/14,PA0607,601
12/25/14,PA0318,91
7/6/14,PA0308,9072
7/16/14,PA0752,8635
4/20/14,PA0752,7695
10/31/14,PA0057,10717
1/13/14,PA0467,9529
1/28/14,PA0923,11908
9/27/14,PA0973,8672
7/7/14,PA0527,4955
7/21/14,PA0678,9675
12/30/14,PA0923,957
9/20/14,PA0467,3942
7/7/14,PA0607,1210
12/11/14,PA0057,3737
10/10/14,PA0482,5294
10/17/14,PA0607,7327
3/25/14,PA0973,8967
7/30/14,PA0830,10716
5/3/14,PA0923,9345
3/17/14,PA0577,5504
10/29/14,PA0394,1448
5/19/14,PA0552,11767
7/11/14,PA0293,7965
4/9/14,PA0808,11684
9/29/14,PA0659,10442
8/7/14,PA0270,9229
6/1/14,PA0168,709
9/18/14,PA0859,11078
12/22/14,PA0752,2125
8/12/14,PA0830,8807
1/11/14,PA0293,7768
9/26/14,PA0318,9054
12/30/14,PA0527,10382
12/10/14,PA0411,3718
3/2/14,PA0308,4761
7/6/14,PA0952,6179
11/6/14,PA0394,4576
4/14/14,PA0672,10006
8/20/14,PA0057,671
12/10/14,PA0467,1145
1/19/14,PA0258,9127
6/15/14,PA0482,7460
5/28/14,PA0952,4294
12/1/14,PA0354,4089
10/4/14,PA0745,2090
4/11/14,PA0619,5694
9/10/14,PA0659,8663
2/10/14,PA0411,7004
3/18/14,PA0318,4866
1/13/14,PA0607,10412
4/9/14,PA0534,6011
7/16/14,PA0843,4934
9/23/14,PA0352,8678
3/31/14,PA0293,6906
12/19/14,PA0751,9443
10/8/14,PA0308,10163
1/5/14,PA0174,5094
10/6/14,PA0958,8900
11/9/14,PA0202,11720
11/12/14,PA0958,10150
2/9/14,PA0277,905
8/15/14,PA0467,7104
9/16/14,PA0338,6750
9/29/14,PA0293,2292
12/26/14,PA0843,6381
2/3/14,PA0318,4540
3/13/14,PA0526,849
7/3/14,PA0527,8850
4/24/14,PA0293,3534
8/18/14,PA0308,2727
4/1/14,PA0474,52
11/24/14,PA0368,10205
12/29/14,PA0202,10836
12/13/14,PA0808,7901
5/30/14,PA0354,9216
11/13/14,PA0293,6179
3/23/14,PA0258,3539
12/9/14,PA0394,11358
10/28/14,PA0577,3436
11/1/14,PA0467,1275
9/21/14,PA0198,11840
2/18/14,PA0843,4683
1/5/14,PA0577,4301
12/18/14,PA0174,1858
7/1/14,PA0607,4280
12/6/14,PA0843,3059
5/9/14,PA0126,11002
5/17/14,PA0552,5809
4/12/14,PA0792,6273
8/4/14,PA0678,2231
7/27/14,PA0474,3952
9/12/14,PA0577,8913
10/15/14,PA0973,2550
6/11/14,PA0168,9663
4/4/14,PA0745,2985
7/17/14,PA0830,4906
9/30/14,PA0202,1318
2/27/14,PA0169,5012
1/13/14,PA0270,883
1/23/14,PA0745,2473
7/13/14,PA0873,3924
2/23/14,PA0843,4961
5/6/14,PA0873,7557
12/19/14,PA0270,10916
1/25/14,PA0577,9783
2/21/14,PA0659,3757
2/19/14,PA0534,8625
8/2/14,PA0057,1569
1/30/14,PA0527,9145
6/24/14,PA0482,10350
2/17/14,PA0923,7094
1/11/14,PA0792,3845
3/7/14,PA0277,8371
4/6/14,PA0354,2797
6/27/14,PA0277,8238
4/19/14,PA0659,812
9/3/14,PA0873,8948
2/20/14,PA0470,782
3/22/14,PA0308,7640
6/12/14,PA0126,3987
5/18/14,PA0527,5280
8/7/14,PA0368,4942
5/17/14,PA0174,10289
3/14/14,PA0270,7193
11/7/14,PA0843,6435
6/18/14,PA0258,2628
7/13/14,PA0659,8462
2/1/14,PA0198,6942
2/27/14,PA0277,7551
2/12/14,PA0470,11258
3/13/14,PA0352,3211
11/25/14,PA0534,1899
4/19/14,PA0751,3607
7/20/14,PA0368,2447
11/10/14,PA0198,6225
8/5/14,PA0732,1381
1/25/14,PA0843,1998
4/5/14,PA0482,3923
4/27/14,PA0672,10013
2/10/14,PA0338,7187
9/21/14,PA0973,2953
1/27/14,PA0543,10260
8/2/14,PA0308,3302
7/27/14,PA0732,9906
1/30/14,PA0277,4906
1/30/14,PA0830,5290
11/12/14,PA0394,906
5/7/14,PA0619,763
6/14/14,PA0270,1688
8/9/14,PA0527,10835
2/26/14,PA0859,4166
1/14/14,PA0526,6994
2/23/14,PA0659,2554
12/27/14,PA0696,8228
6/21/14,PA0678,7491
2/19/14,PA0277,8955
3/4/14,PA0202,8499
11/16/14,PA0808,8850
11/11/14,PA0534,11165
9/16/14,PA0394,9948
11/10/14,PA0411,5376
8/5/14,PA0696,11769
9/28/14,PA0293,8811
7/3/14,PA0354,7973
8/9/14,PA0467,4301
6/7/14,PA0952,11675
12/28/14,PA0543,11532
1/1/14,PA0368,3071
1/19/14,PA0270,3823
8/31/14,PA0394,5935
5/9/14,PA0368,6305
3/7/14,PA0527,3377
8/23/14,PA0792,6862
5/4/14,PA0474,3868
2/9/14,PA0958,7423
6/17/14,PA0258,5912
1/23/14,PA0859,3488
1/9/14,PA0619,11987
2/3/14,PA0792,11006
9/21/14,PA0900,1633
3/5/14,PA0952,3829
9/1/14,PA0696,910
4/17/14,PA0830,9618
1/27/14,PA0198,8129
2/23/14,PA0607,11746
9/11/14,PA0873,3932
3/24/14,PA0873,2172
9/28/14,PA0308,7167
11/24/14,PA0354,8506
7/23/14,PA0352,10272
7/17/14,PA0258,11843
9/22/14,PA0168,1634
5/28/14,PA0354,5597
5/23/14,PA0900,8629
10/15/14,PA0577,2618
2/19/14,PA0470,301
1/6/14,PA0672,5498
11/23/14,PA0467,6736
7/25/14,PA0169,5148
3/8/14,PA0277,7443
10/7/14,PA0607,6703
4/17/14,PA0745,11234
8/14/14,PA0169,10438
9/28/14,PA0952,3062
4/14/14,PA0174,9883
10/1/14,PA0474,2163
9/22/14,PA0474,9296
6/25/14,PA0126,7155
4/17/14,PA0308,2965
10/20/14,PA0843,741
9/5/14,PA0057,2272
1/15/14,PA0277,218
3/23/14,PA0745,7237
3/21/14,PA0745,8844
1/30/14,PA0354,335
10/3/14,PA0607,7601
3/3/14,PA0338,7716
10/10/14,PA0659,5578
4/11/14,PA0792,9499
8/2/14,PA0830,7234
9/18/14,PA0202,1049
2/16/14,PA0482,7735
6/16/14,PA0792,2713
1/27/14,PA0293,1544
6/20/14,PA0293,10174
10/23/14,PA0258,8764
9/10/14,PA0745,820
3/14/14,PA0672,11886
2/28/14,PA0527,8539
11/9/14,PA0318,11061
10/10/14,PA0411,696
10/25/14,PA0354,9089
9/1/14,PA0368,8472
10/29/14,PA0696,4160
9/20/14,PA0843,3184
7/21/14,PA0057,6315
4/13/14,PA0354,4581
10/11/14,PA0467,9818
5/13/14,PA0543,5182
12/25/14,PA0843,10232
9/10/14,PA0958,4486
5/17/14,PA0900,2323
8/10/14,PA0526,11407
7/11/14,PA0830,8849
8/19/14,PA0830,2024
6/25/14,PA0338,7006
4/14/14,PA0352,4759
7/4/14,PA0808,9989
12/17/14,PA0338,3111
5/24/14,PA0293,4840
12/23/14,PA0534,1116
9/5/14,PA0308,10513
7/29/14,PA0752,3440
6/4/14,PA0202,5938
9/15/14,PA0745,4376
11/25/14,PA0474,3995
8/10/14,PA0873,10839
10/20/14,PA0470,11658
5/26/14,PA0293,3311
3/10/14,PA0696,16
9/21/14,PA0482,1996
11/27/14,PA0859,7858
2/20/14,PA0526,9362
8/19/14,PA0732,2118
3/27/14,PA0057,2406
2/6/14,PA0527,3529
12/5/14,PA0732,994
2/7/14,PA0202,10722
6/20/14,PA0659,5080
5/5/14,PA0958,10386
5/5/14,PA0859,7217
3/15/14,PA0270,7410
2/26/14,PA0293,8854
11/15/14,PA0202,9815
5/11/14,PA0169,297
4/24/14,PA0952,4619
5/20/14,PA0696,4304
11/23/14,PA0474,5296
6/24/14,PA0411,11958
10/31/14,PA0277,10742
3/1/14,PA0198,7442
6/12/14,PA0482,9261
6/11/14,PA0352,10489
1/7/14,PA0808,1521
7/8/14,PA0198,7459
6/27/14,PA0952,1274
12/5/14,PA0308,9801
5/9/14,PA0534,3544
9/17/14,PA0923,24
1/8/14,PA0859,4948
5/14/14,PA0258,10636
3/20/14,PA0873,9910
4/21/14,PA0607,7341
8/14/14,PA0607,2271
12/10/14,PA0745,5769
10/7/14,PA0678,7597
10/4/14,PA0174,4870
1/31/14,PA0293,7104
7/12/14,PA0543,8045
1/26/14,PA0174,2831
3/21/14,PA0470,11771
7/27/14,PA0752,4431
1/11/14,PA0859,5053
11/5/14,PA0619,3783
9/21/14,PA0792,3612
9/14/14,PA0577,5253
3/10/14,PA0859,5513
4/5/14,PA0526,9467
12/5/14,PA0973,2343
12/19/14,PA0352,594
6/26/14,PA0534,1332
9/16/14,PA0308,1570
2/24/14,PA0293,68
8/24/14,PA0900,9932
9/3/14,PA0318,9973
12/8/14,PA0873,7383
12/29/14,PA0543,2125
7/2/14,PA0843,781
11/17/14,PA0354,684
1/22/14,PA0293,9533
8/4/14,PA0527,2787
7/13/14,PA0923,3664
6/2/14,PA0277,8222
6/2/14,PA0338,11683
10/30/14,PA0526,8670
7/13/14,PA0411,6574
5/9/14,PA0482,623
8/18/14,PA0607,5121
6/1/14,PA0126,10286
4/6/14,PA0534,10392
5/1/14,PA0830,292
10/27/14,PA0126,9228
4/5/14,PA0952,2208
11/17/14,PA0169,5549
5/20/14,PA0174,9943
12/10/14,PA0696,11674
11/28/14,PA0482,11225
7/9/14,PA0923,3238
4/16/14,PA0368,2388
6/23/14,PA0057,2178
9/30/14,PA0394,7963
9/8/14,PA0277,3383
8/8/14,PA0474,10691
2/25/14,PA0126,5857
8/20/14,PA0470,5291
3/26/14,PA0552,6530
9/9/14,PA0745,4634
7/3/14,PA0126,6652
3/12/14,PA0368,9721
1/30/14,PA0678,10964
9/10/14,PA0843,8684
6/27/14,PA0923,6224
7/28/14,PA0552,3249
10/14/14,PA0952,8776
9/21/14,PA0352,2956
9/21/14,PA0270,3956
8/8/14,PA0577,4839
5/7/14,PA0318,6676
5/13/14,PA0527,10637
2/8/14,PA0293,4491
12/5/14,PA0808,4583
8/15/14,PA0619,11144
7/29/14,PA0958,1915
4/23/14,PA0394,4320
1/12/14,PA0482,7466
11/22/14,PA0318,5153
2/5/14,PA0368,5104
9/1/14,PA0619,4014
2/23/14,PA0411,NA
5/10/14,PA0057,2176
10/15/14,PA0202,944
11/20/14,PA0169,4286
7/13/14,PA0808,9680
10/12/14,PA0318,2438
9/10/14,PA0543,10561
3/16/14,PA0607,820
4/8/14,PA0474,5828
10/18/14,PA0900,8046
12/6/14,PA0057,4346
6/29/14,PA0270,2314
7/16/14,PA0900,9128
6/30/14,PA0543,5481
1/24/14,PA0973,3179
4/16/14,PA0270,10755
1/10/14,PA0354,623
12/1/14,PA0258,2076
9/28/14,PA0527,7600
6/6/14,PA0198,4362
3/28/14,PA0126,11271
3/20/14,PA0923,8985
12/6/14,PA0973,10857
12/26/14,PA0751,217
9/12/14,PA0900,8192
5/6/14,PA0277,9882
4/10/14,PA0808,3130
6/25/14,PA0202,4986
3/11/14,PA0552,326
6/19/14,PA0672,8128
7/4/14,PA0126,7361
12/1/14,PA0352,3384
7/2/14,PA0696,1838
1/7/14,PA0577,860
9/15/14,PA0751,2843
11/25/14,PA0792,9588
4/7/14,PA0293,3401
6/13/14,PA0352,6294
10/9/14,PA0952,3023
8/5/14,PA0277,7143
10/8/14,PA0745,11079
1/6/14,PA0543,6945
8/25/14,PA0169,1976
7/4/14,PA0394,7642
11/22/14,PA0552,4936
12/22/14,PA0619,6904
1/24/14,PA0482,6459
8/31/14,PA0168,9091
6/4/14,PA0577,4717
11/29/14,PA0923,11692
9/16/14,PA0169,796
5/10/14,PA0174,9705
6/21/14,PA0900,4330
2/28/14,PA0526,8098
8/28/14,PA0293,7299
1/28/14,PA0732,2361
6/20/14,PA0470,7481
4/15/14,PA0859,5619
10/22/14,PA0057,2766
1/17/14,PA0202,9622
6/3/14,PA0619,2165
1/4/14,PA0678,2116
10/13/14,PA0751,6446
12/9/14,PA0577,2414
12/19/14,PA0467,3760
8/26/14,PA0202,4304
7/22/14,PA0859,11091
3/10/14,PA0293,10442
6/15/14,PA0354,11648
11/20/14,PA0952,4890
2/7/14,PA0169,9709
10/14/14,PA0482,5480
3/25/14,PA0952,5120
12/18/14,PA0527,7146
1/8/14,PA0659,8268
7/23/14,PA0318,8677
3/28/14,PA0474,1897
6/20/14,PA0543,811
5/16/14,PA0352,6725
3/22/14,PA0126,3973
9/17/14,PA0482,9052
7/4/14,PA0543,2462
10/21/14,PA0900,10189
4/28/14,PA0394,1120
12/31/14,PA0308,7397
3/30/14,PA0659,11390
11/23/14,PA0057,2940
8/10/14,PA0543,506
4/12/14,PA0318,2328
2/1/14,PA0482,7073
12/24/14,PA0543,1977
6/22/14,PA0900,3767
1/30/14,PA0952,5511
1/7/14,PA0474,526
8/25/14,PA0527,10891
1/4/14,PA0126,5829
5/25/14,PA0174,885
1/28/14,PA0873,1338
1/14/14,PA0354,7999
9/30/14,PA0552,2388
9/24/14,PA0293,4143
3/17/14,PA0352,1848
10/20/14,PA0482,7199
8/4/14,PA0126,7531
11/26/14,PA0169,5105
8/22/14,PA0659,4632
8/11/14,PA0467,8641
5/26/14,PA0619,1499
11/15/14,PA0126,8357
9/16/14,PA0958,10384
8/14/14,PA0678,2544
10/29/14,PA0900,7585
9/28/14,PA0352,7659
7/3/14,PA0467,11109
3/2/14,PA0808,NA
10/5/14,PA0678,4354
8/22/14,PA0900,6768
1/5/14,PA0368,7524
1/31/14,PA0352,1282
1/11/14,PA0534,1497
12/26/14,PA0958,8957
3/14/14,PA0526,11348
7/9/14,PA0527,4378
1/21/14,PA0308,3349
7/16/14,PA0368,4403
5/29/14,PA0354,1448
6/27/14,PA0873,7342
7/31/14,PA0198,3565
4/25/14,PA0258,7997
7/16/14,PA0543,11489
9/4/14,PA0394,6075
1/27/14,PA0277,2509
12/9/14,PA0607,7171
6/3/14,PA0293,10296
3/8/14,PA0678,11568
7/11/14,PA0394,4361
7/6/14,PA0808,3898
4/7/14,PA0057,4560
12/9/14,PA0258,4961
5/27/14,PA0952,3114
3/24/14,PA0843,5783
9/18/14,PA0577,11981
10/15/14,PA0751,4248
10/22/14,PA0900,11482
2/12/14,PA0672,9073
3/22/14,PA0843,8064
2/7/14,PA0607,3912
3/11/14,PA0169,11153
10/19/14,PA0467,4929
8/2/14,PA0527,1586
8/15/14,PA0202,10064
2/14/14,PA0338,829
9/13/14,PA0678,2877
5/10/14,PA0482,7231
7/7/14,PA0318,10931
12/24/14,PA0352,9002
3/9/14,PA0527,10454
10/3/14,PA0526,6778
4/14/14,PA0526,4364
9/20/14,PA0169,8741
1/27/14,PA0470,5459
9/29/14,PA0057,635
9/8/14,PA0057,4160
9/11/14,PA0752,2951
9/28/14,PA0792,3425
1/26/14,PA0352,2963
8/8/14,PA0923,861
11/28/14,PA0659,6283
5/9/14,PA0470,2002
2/21/14,PA0843,2861
8/17/14,PA0352,6932
9/15/14,PA0792,4587
8/29/14,PA0607,5421
7/28/14,PA0672,9017
6/16/14,PA0843,1589
1/21/14,PA0352,382
12/16/14,PA0923,9115
11/23/14,PA0293,6487
10/20/14,PA0659,10089
8/4/14,PA0338,11626
12/15/14,PA0672,6466
10/3/14,PA0258,9959
6/4/14,PA0198,11821
4/28/14,PA0659,836
1/31/14,PA0174,10607
3/26/14,PA0527,10973
5/15/14,PA0543,2624
2/13/14,PA0577,8588
8/8/14,PA0696,2006
7/20/14,PA0752,4331
6/12/14,PA0470,4399
10/28/14,PA0830,10302
4/2/14,PA0368,5076
10/19/14,PA0958,10431
3/22/14,PA0973,7973
5/1/14,PA0527,7602
2/15/14,PA0873,9759
4/28/14,PA0411,582
10/21/14,PA0552,8617
10/2/14,PA0318,11560
11/1/14,PA0277,356
8/23/14,PA0808,6166
5/22/14,PA0808,1567
1/25/14,PA0202,1571
4/28/14,PA0277,9076
8/14/14,PA0482,8391
12/26/14,PA0258,6179
8/3/14,PA0474,9075
6/19/14,PA0352,4563
1/29/14,PA0873,10604
8/28/14,PA0672,11250
1/31/14,PA0526,6845
2/22/14,PA0126,8640
4/10/14,PA0659,2333
3/27/14,PA0308,9181
4/10/14,PA0526,11577
7/5/14,PA0552,5889
11/15/14,PA0830,458
8/11/14,PA0859,10730
12/2/14,PA0277,102
7/10/14,PA0843,46
7/6/14,PA0482,5354
12/4/14,PA0308,9634
8/22/14,PA0411,7089
8/21/14,PA0168,1926
10/23/14,PA0198,2632
10/24/14,PA0198,2981
7/28/14,PA0482,2179
4/23/14,PA0308,4999
2/23/14,PA0470,7645
3/7/14,PA0126,1108
10/8/14,PA0394,9840
1/9/14,PA0672,8787
6/16/14,PA0318,6592
1/24/14,PA0277,4318
12/8/14,PA0308,11727
7/26/14,PA0467,9246
10/8/14,PA0174,6986
1/11/14,PA0678,5056
5/17/14,PA0672,2172
8/3/14,PA0470,9995
10/3/14,PA0168,5007
7/8/14,PA0843,9996
1/26/14,PA0672,NA
8/12/14,PA0338,9748
3/3/14,PA0751,6025
1/29/14,PA0338,8828
8/9/14,PA0659,5242
3/25/14,PA0527,366
7/20/14,PA0973,8199
5/29/14,PA0873,4486
8/19/14,PA0202,7828
5/10/14,PA0973,8868
4/28/14,PA0474,4503
5/22/14,PA0973,9087
4/7/14,PA0174,9950
11/3/14,PA0792,2178
5/2/14,PA0843,2664
4/24/14,PA0552,2987
5/2/14,PA0659,0
1/30/14,PA0126,1601
12/3/14,PA0577,10385
10/3/14,PA0732,2823
11/15/14,PA0198,2418
3/19/14,PA0318,7390
7/21/14,PA0923,11466
11/25/14,PA0696,5507
9/18/14,PA0751,8137
5/30/14,PA0057,1202
11/15/14,PA0368,2016
4/12/14,PA0552,4794
8/8/14,PA0202,2127
10/22/14,PA0277,11598
11/26/14,PA0202,1216
5/22/14,PA0659,5630
3/11/14,PA0607,2664
7/9/14,PA0470,4590
1/7/14,PA0973,4706
10/28/14,PA0607,1630
8/22/14,PA0270,5690
6/16/14,PA0352,6370
7/27/14,PA0526,1516
1/21/14,PA0057,3570
1/17/14,PA0394,9046
9/18/14,PA0952,3342
3/18/14,PA0958,10005
5/3/14,PA0900,7315
3/4/14,PA0169,4902
1/11/14,PA0277,7225
10/1/14,PA0308,4617
1/20/14,PA0318,698
4/16/14,PA0534,5496
3/1/14,PA0543,6547
1/13/14,PA0952,3870
11/19/14,PA0659,7921
9/26/14,PA0482,2559
3/25/14,PA0169,6660
4/7/14,PA0859,492
6/23/14,PA0277,7636
5/18/14,PA0174,11318
12/15/14,PA0751,7537
5/7/14,PA0474,9548
11/29/14,PA0900,10170
10/27/14,PA0843,9863
3/17/14,PA0843,5038
4/9/14,PA0843,968
12/2/14,PA0411,4460
4/5/14,PA0258,2746
10/15/14,PA0619,18
2/14/14,PA0526,6034
5/6/14,PA0258,9696
1/19/14,PA0607,5027
10/22/14,PA0923,10495
1/27/14,PA0258,4718
6/18/14,PA0958,11268
1/1/14,PA0354,1712
10/11/14,PA0659,406
11/12/14,PA0270,2276
12/14/14,PA0318,11317
12/7/14,PA0470,4665
10/28/14,PA0792,10640
4/20/14,PA0467,7043
12/14/14,PA0411,5241
3/18/14,PA0534,71
12/12/14,PA0198,4924
8/27/14,PA0394,7888
9/27/14,PA0293,928
1/7/14,PA0338,111
6/21/14,PA0126,9443
6/5/14,PA0534,10814
1/14/14,PA0859,8002
9/5/14,PA0126,10624
3/2/14,PA0527,7856
2/26/14,PA0732,10084
8/28/14,PA0308,4795
3/9/14,PA0659,8687
2/4/14,PA0577,1875
5/26/14,PA0577,1630
6/27/14,PA0354,2006
7/3/14,PA0169,4278
7/2/14,PA0526,8163
9/4/14,PA0859,8645
9/22/14,PA0467,3307
5/9/14,PA0169,11816
1/31/14,PA0900,11512
6/7/14,PA0318,6213
12/11/14,PA0859,890
4/9/14,PA0354,11940
5/3/14,PA0174,6632
6/10/14,PA0973,11879
10/6/14,PA0368,2466
8/17/14,PA0543,9696
11/8/14,PA0198,6155
1/4/14,PA0338,7285
7/9/14,PA0318,2124
12/19/14,PA0808,2417
3/18/14,PA0277,8021
9/26/14,PA0338,9402
7/11/14,PA0958,9070
5/24/14,PA0174,2646
8/12/14,PA0543,10438
1/3/14,PA0751,9005
10/6/14,PA0900,8992
11/5/14,PA0308,8435
6/3/14,PA0607,10327
1/7/14,PA0258,11025
10/8/14,PA0973,9896
3/30/14,PA0169,7813
12/1/14,PA0169,6379
7/9/14,PA0411,9984
2/6/14,PA0354,4034
6/19/14,PA0552,9770
4/22/14,PA0293,11826
12/1/14,PA0368,9867
3/3/14,PA0696,10781
10/2/14,PA0352,6689
12/25/14,PA0174,11306
7/18/14,PA0696,2457
9/11/14,PA0526,2081
12/18/14,PA0672,3092
6/6/14,PA0751,8186
8/28/14,PA0526,8070
9/3/14,PA0752,10906
8/22/14,PA0352,1777
5/29/14,PA0843,2742
6/15/14,PA0952,3506
7/8/14,PA0973,261
10/10/14,PA0526,2969
7/6/14,PA0368,9964
2/12/14,PA0474,4052
2/12/14,PA0859,6621
5/31/14,PA0474,8863
10/13/14,PA0526,8969
8/18/14,PA0619,3255
12/3/14,PA0126,7082
4/5/14,PA0277,7053
2/16/14,PA0368,2429
3/1/14,PA0482,6160
2/16/14,PA0973,11641
7/31/14,PA0808,6136
8/27/14,PA0696,2169
11/8/14,PA0318,6642
7/21/14,PA0607,4361
3/31/14,PA0552,4567
4/28/14,PA0672,2941
5/9/14,PA0168,2807
12/6/14,PA0338,5721
4/21/14,PA0202,5548
12/21/14,PA0318,7231
11/5/14,PA0958,3469
8/25/14,PA0411,9159
3/8/14,PA0352,2266
2/27/14,PA0752,9089
9/13/14,PA0338,6684
10/24/14,PA0923,8913
12/30/14,PA0057,2545
9/19/14,PA0873,8839
5/26/14,PA0368,8102
5/19/14,PA0607,5234
7/25/14,PA0202,1331
4/21/14,PA0394,1842
12/26/14,PA0696,10158
7/25/14,PA0338,3217
8/5/14,PA0470,394
10/31/14,PA0843,9395
7/6/14,PA0198,6092
10/27/14,PA0338,1973
1/28/14,PA0696,8065
5/8/14,PA0169,2163
11/8/14,PA0732,8692
5/7/14,PA0732,6520
3/7/14,PA0973,10147
3/31/14,PA0745,3620
1/9/14,PA0552,6458
5/11/14,PA0751,6085
2/13/14,PA0126,2365
8/26/14,PA0732,29
6/9/14,PA0527,2745
6/23/14,PA0354,599
5/31/14,PA0198,5559
5/30/14,PA0577,598
3/25/14,PA0745,2150
5/12/14,PA0873,10870
7/9/14,PA0843,3994
6/10/14,PA0751,486
12/16/14,PA0696,5783
5/7/14,PA0534,5482
2/10/14,PA0973,332
12/18/14,PA0678,6137
2/27/14,PA0198,4226
12/28/14,PA0659,6435
10/9/14,PA0543,5613
5/9/14,PA0843,9075
1/17/14,PA0258,3568
4/16/14,PA0843,114
12/1/14,PA0482,5844
7/22/14,PA0057,1860
10/21/14,PA0958,1329
5/11/14,PA0534,1476
12/9/14,PA0923,4795
4/11/14,PA0552,10183
7/29/14,PA0873,5390
11/7/14,PA0202,747
3/6/14,PA0678,6162
10/15/14,PA0900,4867
4/29/14,PA0394,10002
4/28/14,PA0534,7231
4/5/14,PA0368,892
12/8/14,PA0659,3445
7/21/14,PA0859,6936
5/5/14,PA0745,4818
5/19/14,PA0958,5980
4/8/14,PA0732,8853
4/24/14,PA0277,7519
5/15/14,PA0293,5093
3/9/14,PA0732,11849
3/20/14,PA0672,10914
4/27/14,PA0318,6160
12/6/14,PA0577,11405
11/10/14,PA0527,4793
12/29/14,PA0470,5944
10/11/14,PA0843,2458
1/16/14,PA0745,615
2/3/14,PA0696,7000
4/22/14,PA0474,7889
10/29/14,PA0057,1554
10/17/14,PA0830,6890
7/28/14,PA0308,1244
9/22/14,PA0607,11768
8/14/14,PA0308,9212
11/4/14,PA0352,3185
7/21/14,PA0474,1238
7/26/14,PA0258,3412
12/4/14,PA0751,741
8/15/14,PA0198,9311
7/1/14,PA0258,1042
7/15/14,PA0368,9679
5/6/14,PA0482,3312
9/2/14,PA0732,4993
2/12/14,PA0277,8563
8/14/14,PA0527,4780
4/22/14,PA0057,6212
6/28/14,PA0202,3312
2/15/14,PA0752,7665
10/12/14,PA0678,7832
2/10/14,PA0258,10641
5/19/14,PA0534,10921
4/29/14,PA0696,3695
10/8/14,PA0470,5124
12/4/14,PA0527,8104
6/19/14,PA0577,8554
4/15/14,PA0169,NA
11/15/14,PA0526,11894
4/16/14,PA0751,2434
9/29/14,PA0958,4172
7/29/14,PA0543,9051
4/4/14,PA0174,5839
5/4/14,PA0318,6591
10/14/14,PA0169,11240
7/31/14,PA0168,11702
4/8/14,PA0752,5381
12/26/14,PA0168,1915
7/25/14,PA0973,6978
1/11/14,PA0318,4853
12/16/14,PA0552,4074
11/17/14,PA0168,3973
6/22/14,PA0873,6036
10/19/14,PA0973,1955
8/31/14,PA0752,2427
7/7/14,PA0696,5285
10/2/14,PA0873,4227
8/18/14,PA0534,727
3/21/14,PA0352,9407
4/16/14,PA0470,4976
4/8/14,PA0126,2111
3/20/14,PA0368,11362
5/16/14,PA0619,11020
5/30/14,PA0470,1249
8/26/14,PA0696,10372
2/20/14,PA0607,1339
1/4/14,PA0174,7565
11/7/14,PA0467,9194
1/31/14,PA0126,6023
4/17/14,PA0168,2657
12/14/14,PA0873,8661
2/7/14,PA0394,2923
9/6/14,PA0258,8588
5/11/14,PA0678,4583
3/9/14,PA0354,10396
7/8/14,PA0368,1478
6/5/14,PA0952,8445
1/19/14,PA0859,10964
8/18/14,PA0258,960
11/16/14,PA0169,9432
4/8/14,PA0411,4256
11/22/14,PA0577,8389
2/5/14,PA0752,1177
11/29/14,PA0659,1899
3/3/14,PA0619,9922
7/14/14,PA0973,7832
8/28/14,PA0198,6186
4/16/14,PA0258,8828
3/28/14,PA0745,2169
8/31/14,PA0318,6766
7/8/14,PA0270,10692
9/23/14,PA0467,8073
2/3/14,PA0174,1601
11/21/14,PA0752,8542
2/23/14,PA0672,11849
1/14/14,PA0873,9676
4/30/14,PA0277,11339
4/25/14,PA0368,2737
3/27/14,PA0534,215
2/10/14,PA0354,683
8/18/14,PA0830,873
5/16/14,PA0792,9442
2/19/14,PA0474,2584
10/6/14,PA0411,10101
7/31/14,PA0859,4833
3/29/14,PA0526,11723
1/29/14,PA0900,6278
5/11/14,PA0873,1404
8/26/14,PA0474,10932
11/4/14,PA0411,3380
1/8/14,PA0923,2937
12/14/14,PA0527,1818
12/27/14,PA0318,6084
2/20/14,PA0973,5
3/12/14,PA0830,10567
12/31/14,PA0338,1679
11/21/14,PA0352,1578
10/4/14,PA0792,6995
2/9/14,PA0534,9803
4/12/14,PA0958,9098
9/7/14,PA0672,6742
9/9/14,PA0270,10415
1/23/14,PA0958,10648
10/27/14,PA0808,245
3/20/14,PA0057,3180
10/3/14,PA0352,4095
6/30/14,PA0198,9780
10/13/14,PA0958,843
4/1/14,PA0352,8977
4/6/14,PA0859,4637
3/5/14,PA0696,3893
12/23/14,PA0843,11236
6/21/14,PA0830,6437
1/8/14,PA0751,1402
11/3/14,PA0543,4629
9/11/14,PA0198,7945
3/27/14,PA0202,10689
10/10/14,PA0368,5652
3/1/14,PA0368,1164
12/25/14,PA0859,5427
6/24/14,PA0394,9747
12/11/14,PA0732,11589
1/10/14,PA0534,6283
8/2/14,PA0672,3397
2/19/14,PA0745,7957
10/27/14,PA0526,10031
6/13/14,PA0467,9352
6/30/14,PA0352,7007
7/17/14,PA0168,2500
4/13/14,PA0792,4837
11/16/14,PA0258,2091
5/30/14,PA0126,3445
11/13/14,PA0843,9715
9/11/14,PA0482,4198
10/31/14,PA0354,1076
12/2/14,PA0168,9965
9/27/14,PA0859,11510
10/13/14,PA0973,10004
11/24/14,PA0526,5229
9/7/14,PA0873,8305
1/17/14,PA0174,2813
9/4/14,PA0607,1722
11/9/14,PA0607,4310
3/10/14,PA0659,712
4/29/14,PA0470,5546
1/3/14,PA0952,2117
8/22/14,PA0126,9408
6/21/14,PA0859,2873
9/1/14,PA0526,10094
7/6/14,PA0672,4265
12/5/14,PA0752,7280
6/20/14,PA0745,10138
8/10/14,PA0659,283
12/7/14,PA0169,9104
3/10/14,PA0470,740
10/19/14,PA0808,1693
10/31/14,PA0543,2972
10/6/14,PA0619,10585
4/23/14,PA0174,10954
6/19/14,PA0958,7213
9/21/14,PA0318,2910
10/7/14,PA0696,4926
6/16/14,PA0354,5502
5/26/14,PA0202,5691
10/25/14,PA0678,69
7/27/14,PA0552,4476
7/25/14,PA0900,2097
10/15/14,PA0543,5607
7/26/14,PA0293,4395
5/4/14,PA0470,3324
7/31/14,PA0352,3011
11/18/14,PA0659,3420
2/8/14,PA0526,6695
9/6/14,PA0958,10053
9/19/14,PA0270,4113
1/20/14,PA0470,5147
2/23/14,PA0552,2797
3/1/14,PA0470,2946
11/9/14,PA0527,5266
6/3/14,PA0169,6182
4/26/14,PA0470,2213
11/10/14,PA0808,3344
12/16/14,PA0318,7028
10/22/14,PA0338,8581
11/24/14,PA0057,9140
1/11/14,PA0751,3262
5/18/14,PA0607,5759
1/3/14,PA0534,4473
4/3/14,PA0659,938
7/21/14,PA0174,5262
12/12/14,PA0678,2590
4/18/14,PA0958,8179
11/17/14,PA0619,5737
6/6/14,PA0659,11234
11/8/14,PA0923,1573
3/15/14,PA0474,1308
10/20/14,PA0973,4901
3/30/14,PA0973,5184
2/23/14,PA0745,1884
6/10/14,PA0577,7726
11/9/14,PA0672,5989
6/30/14,PA0900,11066
2/7/14,PA0470,5459
1/8/14,PA0752,752
10/20/14,PA0277,1850
1/8/14,PA0808,6536
3/20/14,PA0293,0
8/26/14,PA0873,3004
9/5/14,PA0338,8683
4/2/14,PA0672,2464
5/30/14,PA0352,7908
11/9/14,PA0543,11612
7/27/14,PA0672,11554
12/6/14,PA0619,6274
9/27/14,PA0411,592
1/10/14,PA0394,4881
12/7/14,PA0543,1058
3/27/14,PA0474,2636
3/14/14,PA0607,9405
11/21/14,PA0792,2882
10/14/14,PA0808,4812
7/22/14,PA0792,400
1/26/14,PA0527,5476
4/30/14,PA0745,2200
12/19/14,PA0474,9925
5/5/14,PA0973,2548
4/28/14,PA0552,6199
2/13/14,PA0552,5118
6/30/14,PA0577,371
7/25/14,PA0411,7481
8/30/14,PA0174,3032
4/30/14,PA0696,NA
5/5/14,PA0467,4388
6/30/14,PA0202,3095
9/9/14,PA0474,5848
1/2/14,PA0923,968
10/17/14,PA0792,6912
2/21/14,PA0952,3579
2/6/14,PA0057,10577
4/28/14,PA0482,11489
3/27/14,PA0467,6374
5/8/14,PA0552,5903
11/27/14,PA0973,5320
10/2/14,PA0952,11924
7/27/14,PA0394,3426
1/26/14,PA0467,9831
3/24/14,PA0859,8983
3/8/14,PA0293,8247
3/11/14,PA0174,1329
11/27/14,PA0308,8163
6/4/14,PA0126,735
12/29/14,PA0526,8693
8/9/14,PA0696,7752
3/25/14,PA0467,6650
6/20/14,PA0308,9387
2/6/14,PA0552,9967
4/15/14,PA0318,8222
12/5/14,PA0411,3318
6/1/14,PA0482,7474
9/28/14,PA0873,3533
10/2/14,PA0057,6389
8/5/14,PA0202,5022
11/28/14,PA0198,6564
12/17/14,PA0900,11585
3/21/14,PA0126,7490
2/12/14,PA0843,10137
12/23/14,PA0482,7710
12/10/14,PA0293,5336
4/22/14,PA0900,6880
12/2/14,PA0258,7792
6/30/14,PA0973,6027
6/9/14,PA0258,5811
7/15/14,PA0308,8914
3/2/14,PA0732,6107
2/5/14,PA0526,4043
3/22/14,PA0752,9521
7/17/14,PA0270,3009
5/22/14,PA0318,2510
7/28/14,PA0126,4236
3/28/14,PA0168,9287
7/22/14,PA0958,251
3/29/14,PA0672,9635
10/23/14,PA0394,10988
12/25/14,PA0900,510
11/18/14,PA0174,11058
5/12/14,PA0470,1180
10/13/14,PA0830,8172
10/8/14,PA0526,9344
9/15/14,PA0202,10294
6/30/14,PA0354,1197
10/1/14,PA0792,6908
11/10/14,PA0752,10588
5/28/14,PA0792,3938
1/5/14,PA0534,2191
12/20/14,PA0830,1313
12/14/14,PA0552,6929
10/19/14,PA0659,2298
11/11/14,PA0318,3013
12/5/14,PA0751,8498
3/25/14,PA0277,10724
1/17/14,PA0552,8916
12/18/14,PA0745,7736
4/10/14,PA0474,11631
8/29/14,PA0354,4641
7/19/14,PA0923,11924
7/27/14,PA0659,6065
1/23/14,PA0277,878
5/9/14,PA0526,11690
2/7/14,PA0482,8426
1/25/14,PA0411,2610
2/18/14,PA0174,6393
9/20/14,PA0474,9058
6/28/14,PA0973,1040
5/27/14,PA0543,11480
5/17/14,PA0352,11983
1/21/14,PA0577,373
11/21/14,PA0202,9927
5/13/14,PA0732,11627
3/5/14,PA0923,4458
3/16/14,PA0308,9464
3/22/14,PA0277,1190
5/26/14,PA0696,6296
8/4/14,PA0318,11265
6/24/14,PA0859,11444
8/13/14,PA0900,6805
3/13/14,PA0659,5001
7/15/14,PA0202,5097
9/25/14,PA0792,2005
11/12/14,PA0543,10227
7/31/14,PA0958,744
7/28/14,PA0411,2548
9/16/14,PA0752,7886
8/9/14,PA0952,9367
12/8/14,PA0293,2081
1/4/14,PA0577,5446
6/15/14,PA0543,11032
5/11/14,PA0354,348
7/7/14,PA0534,8145
12/22/14,PA0368,2750
1/9/14,PA0057,NA
10/29/14,PA0368,7617
2/21/14,PA0168,4039
12/26/14,PA0338,6699
3/15/14,PA0338,8872
6/1/14,PA0973,5383
7/9/14,PA0745,2483
10/13/14,PA0202,2130
10/13/14,PA0470,11521
10/21/14,PA0527,11581
4/21/14,PA0308,5784
5/29/14,PA0543,10222
7/15/14,PA0354,7399
4/17/14,PA0482,4037
11/9/14,PA0973,3940
12/1/14,PA0467,11416
9/20/14,PA0411,10581
7/5/14,PA0859,5769
5/21/14,PA0394,10321
2/15/14,PA0745,11550
3/4/14,PA0577,207
6/24/14,PA0470,4931
11/3/14,PA0619,2722
12/18/14,PA0973,3622
12/24/14,PA0859,7165
9/22/14,PA0843,5054
5/16/14,PA0202,11660
11/15/14,PA0543,4863
2/19/14,PA0859,8480
7/24/14,PA0467,5592
7/26/14,PA0277,8717
10/19/14,PA0174,11487
7/21/14,PA0732,6688
8/28/14,PA0467,9467
7/26/14,PA0552,4734
7/3/14,PA0394,3369
11/13/14,PA0543,8914
6/15/14,PA0843,9607
5/12/14,PA0318,2012
12/6/14,PA0900,3437
8/9/14,PA0126,2879
12/7/14,PA0534,11671
9/19/14,PA0808,10245
6/17/14,PA0057,6736
12/6/14,PA0527,3072
12/1/14,PA0751,9238
4/4/14,PA0732,9625
8/10/14,PA0368,3017
1/26/14,PA0354,777
11/18/14,PA0198,9327
3/30/14,PA0168,11154
4/28/14,PA0808,8441
10/23/14,PA0678,5577
6/21/14,PA0873,8998
12/3/14,PA0527,4530
11/13/14,PA0859,8147
1/22/14,PA0619,6505
1/5/14,PA0745,11087
10/2/14,PA0270,7671
12/3/14,PA0958,9789
5/14/14,PA0527,8944
5/28/14,PA0174,8765
6/20/14,PA0830,3102
3/9/14,PA0751,3563
1/14/14,PA0678,8044
4/24/14,PA0732,8695
1/16/14,PA0543,1909
2/27/14,PA0958,5681
5/31/14,PA0354,1680
2/18/14,PA0752,1208
8/29/14,PA0752,6277
4/18/14,PA0470,5115
2/4/14,PA0752,4665
3/12/14,PA0659,8291
8/16/14,PA0973,9188
6/17/14,PA0270,3741
1/16/14,PA0873,2596
10/23/14,PA0308,3645
9/7/14,PA0751,6026
11/27/14,PA0672,2780
5/8/14,PA0482,9548
9/8/14,PA0678,432
8/21/14,PA0277,11835
4/26/14,PA0607,2714
11/26/14,PA0270,4672
11/24/14,PA0534,9035
9/24/14,PA0308,354
6/6/14,PA0552,3913
9/24/14,PA0873,6019
8/14/14,PA0958,10561
4/10/14,PA0202,6569
6/18/14,PA0482,9898
2/21/14,PA0470,3089
3/9/14,PA0482,7694
8/29/14,PA0169,8810
1/17/14,PA0808,619
4/14/14,PA0202,6680
1/23/14,PA0470,11629
5/24/14,PA0527,8790
2/1/14,PA0527,3758
10/6/14,PA0470,6645
6/10/14,PA0659,11090
12/2/14,PA0659,7768
8/12/14,PA0293,9042
5/16/14,PA0607,7767
11/7/14,PA0474,1190
8/18/14,PA0843,378
7/27/14,PA0293,6448
4/25/14,PA0126,6384
11/18/14,PA0619,5767
2/16/14,PA0619,1905
1/13/14,PA0619,3166
5/14/14,PA0411,878
1/12/14,PA0843,11192
10/3/14,PA0527,10432
12/6/14,PA0873,7373
5/16/14,PA0526,8462
8/2/14,PA0543,11940
10/19/14,PA0672,8554
2/18/14,PA0270,10878
1/14/14,PA0270,2256
1/14/14,PA0552,6299
8/31/14,PA0659,6538
5/7/14,PA0482,9431
3/20/14,PA0732,1242
9/16/14,PA0534,9869
12/31/14,PA0552,4553
1/12/14,PA0270,2641
12/23/14,PA0354,11851
1/18/14,PA0973,4154
3/27/14,PA0958,11906
4/21/14,PA0467,9426
11/15/14,PA0843,2124
7/24/14,PA0526,2438
11/2/14,PA0368,7496
11/16/14,PA0923,10665
7/19/14,PA0527,11675
4/19/14,PA0308,9701
7/21/14,PA0467,4895
12/14/14,PA0543,10911
2/11/14,PA0526,4745
4/26/14,PA0368,2897
6/15/14,PA0057,2641
10/24/14,PA0308,10674
8/24/14,PA0678,7713
3/11/14,PA0198,1323
11/26/14,PA0543,10311
3/30/14,PA0792,3897
3/27/14,PA0900,8838
2/22/14,PA0958,932
3/10/14,PA0923,3391
11/10/14,PA0368,10976
5/25/14,PA0752,3531
10/22/14,PA0293,8367
3/9/14,PA0526,114
2/13/14,PA0293,NA
1/26/14,PA0607,9685
10/25/14,PA0482,9576
12/15/14,PA0368,NA
12/6/14,PA0543,11825
11/30/14,PA0270,8603
4/1/14,PA0873,6022
11/9/14,PA0482,6053
4/18/14,PA0467,37
2/4/14,PA0873,7794
3/8/14,PA0973,5437
12/7/14,PA0873,5955
1/7/14,PA0843,10175
6/28/14,PA0958,5938
5/22/14,PA0619,344
3/5/14,PA0543,4454
2/11/14,PA0923,2194
6/9/14,PA0751,10050
3/14/14,PA0752,9678
9/21/14,PA0843,7870
5/25/14,PA0198,6059
7/29/14,PA0808,493
1/11/14,PA0198,6168
8/6/14,PA0973,666
3/23/14,PA0577,9913
7/27/14,PA0411,3664
11/10/14,PA0873,1894
6/11/14,PA0952,7948
6/30/14,PA0174,10545
3/1/14,PA0873,9526
3/28/14,PA0543,6208
8/21/14,PA0577,136
10/20/14,PA0543,5783
8/6/14,PA0526,6428
8/3/14,PA0277,3466
3/21/14,PA0293,11986
12/22/14,PA0174,368
10/29/14,PA0470,11682
2/24/14,PA0352,11102
2/26/14,PA0482,5407
7/20/14,PA0394,7045
11/23/14,PA0843,4126
2/4/14,PA0126,11899
4/30/14,PA0394,6827
10/26/14,PA0527,5074
6/30/14,PA0293,5567
4/27/14,PA0368,4366
4/4/14,PA0672,7483
3/19/14,PA0552,10663
5/8/14,PA0293,11184
3/4/14,PA0696,9061
7/10/14,PA0474,8885
10/12/14,PA0958,8581
2/24/14,PA0258,9212
5/12/14,PA0368,6341
3/19/14,PA0792,8082
7/30/14,PA0534,5070
6/20/14,PA0126,7425
3/23/14,PA0678,72
5/7/14,PA0873,9720
2/28/14,PA0174,6991
10/6/14,PA0174,11879
12/17/14,PA0368,1899
7/21/14,PA0352,6447
7/14/14,PA0678,4428
6/30/14,PA0751,7785
4/14/14,PA0792,9536
7/14/14,PA0958,5741
3/12/14,PA0318,8971
8/18/14,PA0732,10518
10/5/14,PA0843,7524
7/2/14,PA0411,10204
5/5/14,PA0923,10285
2/16/14,PA0873,6324
9/1/14,PA0900,8036
7/20/14,PA0843,3039
8/10/14,PA0394,667
8/4/14,PA0752,7678
9/18/14,PA0354,482
10/27/14,PA0900,6777
6/3/14,PA0338,6580
1/23/14,PA0696,215
6/30/14,PA0470,4333
10/3/14,PA0973,9708
9/13/14,PA0607,7905
9/5/14,PA0952,11249
8/27/14,PA0169,4673
4/19/14,PA0470,762
6/29/14,PA0198,10611
10/10/14,PA0198,1163
9/30/14,PA0168,11725
12/30/14,PA0900,11411
9/8/14,PA0843,4423
11/9/14,PA0057,4920
10/30/14,PA0543,1803
4/9/14,PA0543,5720
4/9/14,PA0168,2088
8/7/14,PA0174,2655
2/11/14,PA0552,3549
7/14/14,PA0696,4894
1/15/14,PA0672,9845
1/9/14,PA0745,10531
6/18/14,PA0751,10215
6/19/14,PA0973,3196
11/17/14,PA0270,1915
5/25/14,PA0318,10843
6/28/14,PA0751,1168
8/25/14,PA0958,9222
1/11/14,PA0672,9032
7/23/14,PA0169,9118
7/18/14,PA0859,9554
10/12/14,PA0057,1396
8/29/14,PA0543,7794
2/3/14,PA0394,10969
1/19/14,PA0900,8858
9/13/14,PA0198,805
4/11/14,PA0354,4858
2/2/14,PA0619,9052
4/23/14,PA0318,4132
9/24/14,PA0808,4868
10/18/14,PA0352,8623
7/11/14,PA0467,11095
12/22/14,PA0843,10717
5/1/14,PA0577,150
6/11/14,PA0394,2044
1/6/14,PA0394,1821
6/22/14,PA0973,2256
10/11/14,PA0792,10910
12/4/14,PA0258,9221
5/19/14,PA0467,5914
10/20/14,PA0792,2127
12/29/14,PA0293,9351
10/26/14,PA0467,11655
5/15/14,PA0672,4586
12/23/14,PA0057,1497
12/6/14,PA0168,747
10/9/14,PA0900,5374
1/16/14,PA0169,6873
11/6/14,PA0696,8817
1/15/14,PA0543,5371
9/14/14,PA0057,5094
4/26/14,PA0277,11695
7/20/14,PA0792,2103
11/20/14,PA0792,8788
4/22/14,PA0859,4125
9/4/14,PA0411,289
10/17/14,PA0258,7760
1/28/14,PA0270,7410
7/8/14,PA0258,4257
11/1/14,PA0543,2323
3/20/14,PA0470,2096
11/22/14,PA0619,5921
2/12/14,PA0126,9273
3/8/14,PA0619,7701
12/7/14,PA0368,777
1/12/14,PA0168,8311
2/8/14,PA0552,9055
8/17/14,PA0368,3486
9/19/14,PA0338,9967
10/24/14,PA0126,1759
10/14/14,PA0752,3528
1/17/14,PA0843,6366
1/25/14,PA0973,5235
10/17/14,PA0543,11053
12/31/14,PA0293,4694
12/15/14,PA0470,2809
1/19/14,PA0169,9598
6/12/14,PA0293,269
2/8/14,PA0270,348
5/7/14,PA0659,2105
11/2/14,PA0526,9884
4/25/14,PA0202,8923
6/24/14,PA0732,7308
1/29/14,PA0467,6137
7/12/14,PA0198,11728
8/10/14,PA0973,7086
8/9/14,PA0277,3769
4/7/14,PA0873,8428
10/12/14,PA0411,6160
4/19/14,PA0923,10955
10/10/14,PA0678,5534
8/13/14,PA0678,2962
10/27/14,PA0952,3297
11/5/14,PA0672,11902
9/18/14,PA0527,9857
4/4/14,PA0394,991
6/29/14,PA0958,8678
4/16/14,PA0543,7371
6/20/14,PA0258,5545
10/5/14,PA0354,5208
2/2/14,PA0732,3810
11/24/14,PA0808,2737
4/6/14,PA0258,10155
11/3/14,PA0338,7961
9/13/14,PA0792,383
3/18/14,PA0745,3133
9/26/14,PA0308,2815
12/17/14,PA0973,6496
9/25/14,PA0958,9105
11/5/14,PA0467,1687
11/17/14,PA0973,2211
10/16/14,PA0808,182
9/7/14,PA0745,6747
3/16/14,PA0258,3480
4/17/14,PA0293,10273
6/6/14,PA0482,6833
5/28/14,PA0293,9156
4/2/14,PA0923,3683
3/6/14,PA0168,6030
1/26/14,PA0368,3411
3/31/14,PA0830,4569
9/12/14,PA0394,10994
12/18/14,PA0752,1876
8/6/14,PA0258,8965
4/20/14,PA0659,2622
12/28/14,PA0843,2648
4/26/14,PA0808,4913
2/6/14,PA0577,11398
4/26/14,PA0467,7651
3/18/14,PA0258,4482
7/6/14,PA0352,9970
3/17/14,PA0534,2405
1/20/14,PA0732,5514
3/13/14,PA0607,8962
2/15/14,PA0552,8200
12/15/14,PA0411,11513
3/11/14,PA0534,531
12/15/14,PA0482,1445
1/5/14,PA0318,5413
5/6/14,PA0270,2290
9/10/14,PA0808,5158
6/29/14,PA0752,8717
11/4/14,PA0952,10564
8/27/14,PA0751,6452
12/4/14,PA0843,10631
5/9/14,PA0973,10947
4/1/14,PA0973,5451
5/4/14,PA0277,7940
10/18/14,PA0277,7162
4/6/14,PA0527,8757
6/3/14,PA0198,2206
8/28/14,PA0258,5695
2/23/14,PA0482,5930
9/3/14,PA0830,8412
6/12/14,PA0526,6846
12/29/14,PA0534,1038
5/6/14,PA0527,7645
12/11/14,PA0745,4779
1/27/14,PA0752,7616
8/22/14,PA0843,1082
9/6/14,PA0696,6133
9/16/14,PA0168,10491
3/5/14,PA0277,10290
8/26/14,PA0354,9864
2/25/14,PA0526,4908
3/21/14,PA0318,5073
12/29/14,PA0973,6048
10/6/14,PA0527,9537
8/16/14,PA0354,7182
3/23/14,PA0607,3876
3/16/14,PA0830,1910
3/9/14,PA0859,8720
5/9/14,PA0752,4133
12/7/14,PA0057,7477
8/8/14,PA0526,6545
6/1/14,PA0394,7191
11/7/14,PA0338,1919
4/5/14,PA0318,4191
9/23/14,PA0394,3654
4/14/14,PA0843,2792
5/22/14,PA0277,4461
1/30/14,PA0467,2723
4/1/14,PA0338,3168
12/22/14,PA0552,9796
8/16/14,PA0696,6789
11/24/14,PA0293,8787
3/26/14,PA0543,2189
4/10/14,PA0318,4051
11/6/14,PA0474,10538
10/16/14,PA0338,8994
5/15/14,PA0338,449
7/25/14,PA0751,2821
5/18/14,PA0354,8518
3/12/14,PA0394,3809
10/13/14,PA0900,4280
11/5/14,PA0923,7368
3/4/14,PA0482,10899
1/20/14,PA0873,6411
10/30/14,PA0308,4962
12/13/14,PA0057,10596
12/16/14,PA0174,499
5/20/14,PA0482,9564
9/13/14,PA0973,7280
4/13/14,PA0659,1651
5/8/14,PA0202,1156
9/28/14,PA0577,5118
6/4/14,PA0258,357
4/27/14,PA0752,9032
9/7/14,PA0169,5906
4/7/14,PA0808,4331
9/3/14,PA0732,1824
2/14/14,PA0696,11380
10/27/14,PA0534,10019
2/15/14,PA0270,4553
6/4/14,PA0270,7386
11/16/14,PA0411,3761
6/26/14,PA0352,4942
7/11/14,PA0672,6407
11/23/14,PA0958,3775
3/11/14,PA0659,2596
9/14/14,PA0952,1417
10/10/14,PA0354,6406
3/22/14,PA0696,9682
10/7/14,PA0534,4683
2/24/14,PA0830,1528
3/11/14,PA0467,10184
8/20/14,PA0338,11891
3/12/14,PA0474,10493
1/14/14,PA0543,9469
11/3/14,PA0352,1221
2/8/14,PA0527,10970
6/17/14,PA0126,10460
10/23/14,PA0923,9423
10/12/14,PA0859,4066
9/10/14,PA0552,1996
8/1/14,PA0900,6788
7/30/14,PA0258,4923
2/4/14,PA0792,6370
7/10/14,PA0467,2195
7/25/14,PA0873,790
10/26/14,PA0470,5212
12/1/14,PA0808,1524
9/5/14,PA0526,4755
2/21/14,PA0958,5098
6/18/14,PA0277,10071
2/19/14,PA0174,11548
6/25/14,PA0411,630
9/18/14,PA0482,5177
1/26/14,PA0659,8530
11/7/14,PA0873,11796
3/5/14,PA0751,8809
8/12/14,PA0482,10826
7/10/14,PA0270,11791
12/25/14,PA0534,10498
3/15/14,PA0368,8386
8/11/14,PA0293,2941
12/3/14,PA0973,3359
6/12/14,PA0534,7449
1/15/14,PA0577,1397
9/7/14,PA0277,2562
9/26/14,PA0352,2863
8/2/14,PA0394,3282
10/10/14,PA0619,6485
8/2/14,PA0270,5981
5/28/14,PA0973,6938
12/23/14,PA0470,349
11/16/14,PA0168,6829
3/29/14,PA0527,7895
5/18/14,PA0277,7992
6/9/14,PA0973,7900
9/12/14,PA0411,10744
12/14/14,PA0526,791
4/12/14,PA0168,7910
7/21/14,PA0900,4247
7/5/14,PA0482,9633
5/23/14,PA0552,7882
11/16/14,PA0126,6905
2/23/14,PA0318,5355
2/25/14,PA0202,4733
8/5/14,PA0354,2706
10/13/14,PA0792,2564
2/24/14,PA0923,10426
7/18/14,PA0057,9538
5/20/14,PA0338,10500
10/20/14,PA0527,7058
1/13/14,PA0672,4825
10/30/14,PA0923,8400
5/4/14,PA0843,2072
1/25/14,PA0923,31
5/31/14,PA0168,451
6/5/14,PA0808,7641
1/17/14,PA0607,2956
10/18/14,PA0293,11362
12/30/14,PA0126,3277
3/6/14,PA0482,2906
11/28/14,PA0900,1317
2/12/14,PA0270,6785
4/16/14,PA0973,9659
6/20/14,PA0808,2502
4/24/14,PA0830,8833
8/29/14,PA0696,6536
2/9/14,PA0270,8612
12/4/14,PA0126,6853
5/7/14,PA0752,6845
7/27/14,PA0873,3261
3/2/14,PA0678,741
8/28/14,PA0859,9348
7/22/14,PA0952,6981
10/15/14,PA0470,7770
6/4/14,PA0745,6093
12/28/14,PA0619,4594
3/3/14,PA0318,2453
10/21/14,PA0732,11329
12/7/14,PA0258,1390
5/27/14,PA0923,1972
9/19/14,PA0352,10222
11/26/14,PA0751,8571
6/28/14,PA0526,2150
5/16/14,PA0745,9683
6/9/14,PA0470,3231
1/11/14,PA0923,6539
9/18/14,PA0318,3988
1/11/14,PA0126,5783
11/20/14,PA0696,5688
12/31/14,PA0467,9972
2/5/14,PA0527,10486
7/31/14,PA0474,1170
12/13/14,PA0482,NA
12/30/14,PA0952,9515
12/9/14,PA0202,3225
1/2/14,PA0808,11
11/4/14,PA0293,10463
5/13/14,PA0202,9992
12/19/14,PA0368,5885
8/7/14,PA0338,4187
6/9/14,PA0198,3242
3/22/14,PA0169,7505
1/2/14,PA0952,4761
2/20/14,PA0270,7258
8/18/14,PA0470,2357
5/7/14,PA0526,79
3/24/14,PA0696,10261
9/24/14,PA0672,10739
7/28/14,PA0659,3755
5/17/14,PA0057,6864
5/14/14,PA0745,2825
5/9/14,PA0678,4066
4/4/14,PA0619,6474
8/3/14,PA0552,2656
9/15/14,PA0672,11198
5/20/14,PA0552,11854
8/30/14,PA0474,4807
3/11/14,PA0859,1964
12/21/14,PA0732,7011
12/11/14,PA0198,10971
11/15/14,PA0923,2454
5/22/14,PA0258,1132
6/7/14,PA0873,2958
8/24/14,PA0952,11380
3/20/14,PA0900,5276
10/23/14,PA0958,4018
12/14/14,PA0482,9302
4/8/14,PA0696,1542
11/24/14,PA0923,6883
3/9/14,PA0923,8296
5/30/14,PA0293,2176
7/8/14,PA0202,11892
11/9/14,PA0752,11677
8/20/14,PA0467,NA
4/30/14,PA0792,10108
9/17/14,PA0843,10224
7/3/14,PA0619,1620
3/5/14,PA0659,1606
7/13/14,PA0126,2750
4/27/14,PA0607,9632
3/13/14,PA0859,10008
5/26/14,PA0843,1613
9/9/14,PA0411,463
3/26/14,PA0958,488
11/1/14,PA0830,3618
8/17/14,PA0293,1452
9/18/14,PA0745,7625
5/7/14,PA0792,10561
9/22/14,PA0859,6629
10/15/14,PA0467,8735
12/21/14,PA0368,2552
4/27/14,PA0394,3945
8/11/14,PA0308,11906
11/8/14,PA0174,5787
3/21/14,PA0859,9446
11/1/14,PA0526,9739
11/21/14,PA0168,11567
10/8/14,PA0368,3968
4/21/14,PA0552,6365
7/2/14,PA0745,6270
12/10/14,PA0527,11422
10/31/14,PA0534,4267
5/9/14,PA0527,5957
8/4/14,PA0174,9880
8/9/14,PA0202,4781
10/1/14,PA0258,10425
9/11/14,PA0169,10382
10/13/14,PA0057,2023
1/4/14,PA0394,3487
12/26/14,PA0973,3795
7/11/14,PA0696,5647
1/28/14,PA0470,8326
12/27/14,PA0552,1738
6/1/14,PA0958,11182
7/15/14,PA0258,8183
10/29/14,PA0659,1812
5/11/14,PA0168,614
11/14/14,PA0732,5927
9/28/14,PA0745,4278
2/25/14,PA0534,8985
3/27/14,PA0952,6210
10/6/14,PA0318,6761
6/8/14,PA0672,11614
8/22/14,PA0678,2425
7/6/14,PA0534,370
10/10/14,PA0474,6014
8/21/14,PA0900,9544
3/5/14,PA0534,4693
9/15/14,PA0169,6383
2/26/14,PA0527,10036
6/22/14,PA0470,8886
2/7/14,PA0354,11484
1/28/14,PA0368,3818
10/28/14,PA0659,2293
11/17/14,PA0607,4532
11/12/14,PA0973,3133
1/10/14,PA0923,NA
11/21/14,PA0174,645
9/25/14,PA0543,1096
1/4/14,PA0169,2337
9/13/14,PA0900,9907
5/16/14,PA0843,4738
10/5/14,PA0619,1053
11/28/14,PA0952,4596
2/5/14,PA0659,10164
12/9/14,PA0169,3302
4/5/14,PA0270,715
6/14/14,PA0277,8942
12/31/14,PA0057,3323
12/13/14,PA0270,10452
11/12/14,PA0470,NA
8/9/14,PA0474,6496
3/15/14,PA0843,8496
9/6/14,PA0308,1080
12/31/14,PA0752,1116
12/27/14,PA0751,1225
1/27/14,PA0411,7436
10/27/14,PA0752,478
12/15/14,PA0474,1418
2/16/14,PA0198,11391
11/11/14,PA0543,5771
2/24/14,PA0672,6957
12/1/14,PA0973,10322
10/15/14,PA0394,11091
8/13/14,PA0973,7308
4/10/14,PA0198,7065
6/27/14,PA0534,11639
3/15/14,PA0792,11861
6/25/14,PA0952,627
4/29/14,PA0751,10821
1/16/14,PA0659,2434
4/10/14,PA0338,4625
12/7/14,PA0526,7892
4/2/14,PA0873,5192
1/17/14,PA0411,3595
5/1/14,PA0952,1067
6/14/14,PA0973,1693
2/3/14,PA0470,6502
12/1/14,PA0057,130
3/28/14,PA0308,11796
7/15/14,PA0751,5785
8/27/14,PA0873,185
3/29/14,PA0338,6411
8/24/14,PA0534,2871
2/7/14,PA0352,8953
7/31/14,PA0843,4800
4/2/14,PA0859,11358
1/15/14,PA0394,11423
1/8/14,PA0411,568
3/17/14,PA0745,7151
6/27/14,PA0467,10651
7/18/14,PA0202,291
3/18/14,PA0270,9374
12/4/14,PA0752,5444
12/29/14,PA0952,10517
7/7/14,PA0952,2816
11/11/14,PA0277,4912
11/22/14,PA0859,3142
8/3/14,PA0732,10123
5/18/14,PA0830,10257
9/6/14,PA0057,4600
8/29/14,PA0672,1537
11/23/14,PA0338,11810
2/7/14,PA0198,9985
6/26/14,PA0843,1273
6/29/14,PA0678,747
10/1/14,PA0527,5771
2/26/14,PA0057,1715
7/25/14,PA0752,8406
12/31/14,PA0168,10994
3/9/14,PA0057,1401
5/26/14,PA0270,9984
2/24/14,PA0411,11988
9/14/14,PA0534,7328
8/22/14,PA0808,11267
5/29/14,PA0467,4710
10/30/14,PA0126,5814
6/28/14,PA0293,216
1/23/14,PA0659,10616
9/6/14,PA0792,11551
5/14/14,PA0534,11075
12/10/14,PA0958,1264
10/20/14,PA0126,6834
11/15/14,PA0577,3482
4/16/14,PA0474,3164
11/4/14,PA0672,550
6/18/14,PA0526,7523
5/22/14,PA0900,5541
11/15/14,PA0952,10526
1/14/14,PA0792,9209
4/19/14,PA0958,10859
9/6/14,PA0543,9269
10/16/14,PA0482,1684
3/18/14,PA0474,2637
1/11/14,PA0474,6930
12/25/14,PA0952,8485
2/4/14,PA0394,1676
3/7/14,PA0830,8048
5/1/14,PA0752,6001
7/22/14,PA0277,6684
7/18/14,PA0474,10876
10/2/14,PA0923,10235
2/21/14,PA0751,8082
4/8/14,PA0352,3170
3/13/14,PA0619,1644
1/10/14,PA0751,462
12/23/14,PA0873,7828
3/1/14,PA0467,1074
12/10/14,PA0751,2408
2/13/14,PA0859,8713
2/6/14,PA0696,1024
12/18/14,PA0732,4937
5/4/14,PA0659,11764
6/1/14,PA0169,1709
6/6/14,PA0354,9573
7/16/14,PA0169,5659
8/14/14,PA0352,815
7/31/14,PA0368,7094
11/30/14,PA0952,342
12/8/14,PA0577,910
12/13/14,PA0354,9492
5/5/14,PA0057,9908
12/3/14,PA0607,4261
1/8/14,PA0552,6552
7/3/14,PA0751,329
11/23/14,PA0732,10267
7/18/14,PA0527,10753
10/4/14,PA0843,2103
5/5/14,PA0808,9941
1/30/14,PA0202,9104
2/20/14,PA0338,2578
11/15/14,PA0678,8849
4/29/14,PA0843,5921
8/28/14,PA0843,8033
1/21/14,PA0973,7397
3/17/14,PA0792,7451
8/7/14,PA0752,10169
3/29/14,PA0732,5853
11/4/14,PA0470,3899
7/2/14,PA0792,7090
5/17/14,PA0958,1169
10/12/14,PA0126,8577
1/16/14,PA0293,3348
3/30/14,PA0293,8174
12/14/14,PA0354,7475
7/23/14,PA0751,10330
8/9/14,PA0873,1129
8/22/14,PA0308,11371
9/30/14,PA0973,NA
5/3/14,PA0126,9412
4/7/14,PA0732,2840
12/14/14,PA0577,4683
1/2/14,PA0830,6298
7/27/14,PA0923,757
8/3/14,PA0293,6167
1/9/14,PA0923,8902
12/13/14,PA0607,5911
11/14/14,PA0619,4782
5/5/14,PA0732,429
4/24/14,PA0198,3321
9/13/14,PA0543,10124
3/27/14,PA0752,9659
5/5/14,PA0534,8816
11/1/14,PA0168,10425
8/4/14,PA0474,10733
10/9/14,PA0318,7784
1/31/14,PA0258,6462
4/15/14,PA0808,9147
1/24/14,PA0411,3488
8/1/14,PA0752,7923
4/25/14,PA0308,4909
1/22/14,PA0277,6913
3/18/14,PA0352,879
9/10/14,PA0830,2783
8/31/14,PA0258,4644
3/14/14,PA0318,9941
2/13/14,PA0527,7263
12/21/14,PA0470,2320
5/29/14,PA0751,120
9/13/14,PA0270,5205
5/23/14,PA0659,5781
6/13/14,PA0859,6308
5/30/14,PA0527,11710
6/8/14,PA0526,11815
3/5/14,PA0368,9031
9/25/14,PA0270,6260
5/18/14,PA0543,201
10/17/14,PA0352,4383
9/30/14,PA0659,7597
8/4/14,PA0168,9367
5/2/14,PA0352,371
3/9/14,PA0198,7140
5/16/14,PA0277,11069
3/12/14,PA0354,1186
3/18/14,PA0619,2721
8/12/14,PA0958,1415
3/22/14,PA0859,10735
1/30/14,PA0752,11210
10/15/14,PA0958,7774
12/7/14,PA0467,198
1/5/14,PA0751,3685
9/1/14,PA0659,234
5/2/14,PA0474,4292
1/28/14,PA0952,8617
8/29/14,PA0258,8907
4/17/14,PA0368,2319
8/24/14,PA0368,11142
12/16/14,PA0270,11323
5/19/14,PA0619,11515
8/9/14,PA0411,7990
7/30/14,PA0338,11971
1/15/14,PA0352,151
9/27/14,PA0732,110
4/20/14,PA0169,6351
2/10/14,PA0482,161
5/30/14,PA0202,6909
4/16/14,PA0952,3310
9/7/14,PA0696,7799
10/13/14,PA0411,733
7/28/14,PA0952,10123
7/1/14,PA0270,1764
10/25/14,PA0168,3780
12/3/14,PA0526,2952
5/17/14,PA0843,1519
4/18/14,PA0952,4057
6/10/14,PA0198,4898
8/30/14,PA0973,11103
12/24/14,PA0168,6277
10/13/14,PA0168,2164
8/31/14,PA0859,9229
11/12/14,PA0859,6247
11/23/14,PA0270,2783
10/7/14,PA0732,7593
8/31/14,PA0198,3045
3/15/14,PA0552,10795
10/3/14,PA0338,5578
9/7/14,PA0354,5159
7/30/14,PA0202,5241
1/10/14,PA0258,10055
11/16/14,PA0619,9134
3/8/14,PA0792,2096
1/17/14,PA0354,9104
3/1/14,PA0952,4594
12/20/14,PA0168,4448
12/5/14,PA0952,1526
8/4/14,PA0577,9562
6/23/14,PA0527,4656
7/22/14,PA0527,11792
8/28/14,PA0318,7834
10/16/14,PA0751,989
4/8/14,PA0973,4498
6/30/14,PA0126,3995
8/21/14,PA0534,882
2/24/14,PA0368,4121
8/28/14,PA0057,6729
7/10/14,PA0830,1868
4/19/14,PA0526,11171
10/10/14,PA0752,6406
6/1/14,PA0534,6634
12/1/14,PA0859,1659
8/17/14,PA0830,11845
11/3/14,PA0659,11469
2/17/14,PA0672,2257
5/24/14,PA0752,1768
5/31/14,PA0482,2108
12/3/14,PA0270,3036
3/27/14,PA0338,10483
1/6/14,PA0534,1003
1/10/14,PA0873,10064
11/8/14,PA0577,9109
3/27/14,PA0394,3021
12/17/14,PA0270,11864
7/26/14,PA0394,6424
3/29/14,PA0198,9157
1/25/14,PA0338,5277
6/23/14,PA0318,7192
11/7/14,PA0696,11640
3/16/14,PA0543,8095
11/27/14,PA0174,8370
1/28/14,PA0672,8741
7/17/14,PA0470,5215
12/14/14,PA0258,7614
5/16/14,PA0752,821
2/14/14,PA0270,1121
3/12/14,PA0973,8146
1/20/14,PA0168,2651
4/18/14,PA0552,4544
6/1/14,PA0619,601
6/11/14,PA0354,1052
8/2/14,PA0534,7734
8/20/14,PA0732,443
10/3/14,PA0394,4645
8/25/14,PA0258,11132
9/6/14,PA0678,5647
6/11/14,PA0973,265
5/2/14,PA0126,3928
6/28/14,PA0270,9256
8/31/14,PA0672,2146
4/4/14,PA0482,7047
6/27/14,PA0808,742
1/9/14,PA0258,8904
11/18/14,PA0126,5556
10/1/14,PA0659,4143
3/6/14,PA0808,1709
7/15/14,PA0057,4212
8/2/14,PA0482,6280
10/7/14,PA0859,4099
9/14/14,PA0619,4560
1/13/14,PA0411,4923
4/17/14,PA0873,1084
8/7/14,PA0619,7828
6/16/14,PA0394,10267
2/3/14,PA0338,9550
5/15/14,PA0270,10774
6/21/14,PA0527,11878
10/22/14,PA0792,2533
12/30/14,PA0169,5588
6/24/14,PA0293,1597
12/22/14,PA0198,1230
8/5/14,PA0308,6972
2/11/14,PA0952,8000
4/3/14,PA0174,1150
2/11/14,PA0354,2513
7/4/14,PA0318,1380
1/15/14,PA0368,4793
4/15/14,PA0923,3990
8/25/14,PA0678,10310
9/27/14,PA0958,3174
7/11/14,PA0659,10746
5/29/14,PA0470,4627
1/26/14,PA0745,11730
6/17/14,PA0552,252
5/24/14,PA0057,4535
6/25/14,PA0308,10932
9/19/14,PA0619,1112
4/19/14,PA0607,9129
2/9/14,PA0169,10368
9/16/14,PA0482,9160
9/2/14,PA0859,3611
10/21/14,PA0808,5614
2/21/14,PA0467,3199
10/27/14,PA0174,10107
11/22/14,PA0543,8507
9/26/14,PA0830,10350
6/6/14,PA0352,10537
3/15/14,PA0973,2758
9/15/14,PA0527,9911
10/25/14,PA0411,4282
8/15/14,PA0543,10258
7/18/14,PA0873,3918
5/18/14,PA0843,8318
6/22/14,PA0202,11436
11/29/14,PA0482,3004
1/6/14,PA0552,3338
4/20/14,PA0394,5125
10/20/14,PA0474,8987
4/6/14,PA0168,8636
6/21/14,PA0368,2484
3/12/14,PA0338,2274
7/22/14,PA0526,4960
5/5/14,PA0470,8393
3/4/14,PA0923,9000
6/22/14,PA0577,3745
10/23/14,PA0672,3518
5/27/14,PA0526,11110
7/11/14,PA0973,9232
11/13/14,PA0168,8532
7/23/14,PA0168,7007
10/3/14,PA0411,4665
3/10/14,PA0318,1606
11/12/14,PA0900,1663
6/20/14,PA0318,5426
1/21/14,PA0411,11279
1/31/14,PA0202,2282
6/18/14,PA0843,1064
1/16/14,PA0973,2063
2/17/14,PA0394,2024
10/18/14,PA0577,11467
7/25/14,PA0745,10139
3/29/14,PA0411,8460
7/24/14,PA0169,6522
8/29/14,PA0751,7242
4/24/14,PA0338,3528
3/5/14,PA0308,3185
6/23/14,PA0859,6502
9/20/14,PA0696,410
11/7/14,PA0470,723
1/1/14,PA0543,9943
7/20/14,PA0527,202
9/2/14,PA0843,4703
3/30/14,PA0202,2204
1/30/14,PA0270,8117
9/25/14,PA0552,10836
5/6/14,PA0859,3300
7/15/14,PA0470,7394
11/12/14,PA0277,7518
10/4/14,PA0168,6846
8/3/14,PA0352,7053
9/21/14,PA0672,3193
1/22/14,PA0952,8507
4/9/14,PA0859,839
11/10/14,PA0354,10588
5/1/14,PA0732,6137
2/17/14,PA0318,2329
7/22/14,PA0552,10999
11/21/14,PA0696,7882
6/17/14,PA0830,6169
9/30/14,PA0467,7596
7/27/14,PA0354,8537
6/19/14,PA0659,11109
9/17/14,PA0354,3772
3/26/14,PA0308,6550
1/23/14,PA0792,5612
1/5/14,PA0198,4277
5/1/14,PA0258,8123
11/10/14,PA0792,7355
4/22/14,PA0198,6616
7/22/14,PA0308,1045
6/13/14,PA0394,5758
10/25/14,PA0830,386
12/13/14,PA0696,5972
5/31/14,PA0732,3160
6/13/14,PA0168,749
4/7/14,PA0830,5989
5/23/14,PA0338,1295
5/24/14,PA0958,8910
8/5/14,PA0792,11333
12/11/14,PA0526,4857
9/3/14,PA0474,1564
8/15/14,PA0830,5693
6/5/14,PA0258,3867
6/22/14,PA0678,2489
1/29/14,PA0619,9405
10/22/14,PA0696,9394
4/29/14,PA0467,146
8/22/14,PA0923,6099
9/11/14,PA0174,407
6/7/14,PA0830,3273
9/7/14,PA0577,4503
8/31/14,PA0338,11612
4/21/14,PA0470,136
1/18/14,PA0900,751
1/16/14,PA0318,10621
7/2/14,PA0672,8649
4/13/14,PA0534,9328
5/10/14,PA0672,10084
10/19/14,PA0318,6723
8/17/14,PA0474,10454
3/12/14,PA0958,4616
1/17/14,PA0732,4783
6/8/14,PA0830,11614
10/22/14,PA0751,1703
5/29/14,PA0338,11632
3/31/14,PA0057,5200
3/2/14,PA0973,7891
1/23/14,PA0308,NA
9/23/14,PA0354,6396
3/13/14,PA0338,802
7/2/14,PA0169,191
12/28/14,PA0308,11207
6/4/14,PA0467,10659
5/7/14,PA0293,3679
1/19/14,PA0672,3758
7/21/14,PA0354,10742
2/6/14,PA0534,2273
9/3/14,PA0543,2803
5/5/14,PA0474,4308
11/17/14,PA0552,2316
12/15/14,PA0293,2094
12/30/14,PA0843,4925
1/12/14,PA0354,7673
3/4/14,PA0057,11048
11/16/14,PA0859,2464
9/26/14,PA0534,10373
10/8/14,PA0830,461
11/25/14,PA0198,6420
10/11/14,PA0534,7032
7/6/14,PA0696,10495
8/7/14,PA0696,3265
10/24/14,PA0696,7792
9/8/14,PA0368,2022
9/25/14,PA0859,9808
12/27/14,PA0534,6892
7/5/14,PA0293,9732
12/22/14,PA0534,2354
10/15/14,PA0923,6044
3/28/14,PA0198,3023
1/24/14,PA0843,6742
8/5/14,PA0270,9725
11/4/14,PA0169,2706
8/6/14,PA0659,3551
6/16/14,PA0732,4788
8/17/14,PA0354,4200
7/5/14,PA0527,5929
10/18/14,PA0467,8988
4/1/14,PA0270,NA
10/26/14,PA0526,5520
11/30/14,PA0198,2352
1/28/14,PA0830,2807
3/4/14,PA0338,11241
12/8/14,PA0923,1931
12/17/14,PA0552,7587
8/15/14,PA0258,5492
4/25/14,PA0923,6571
4/7/14,PA0394,4690
4/10/14,PA0619,6762
12/24/14,PA0751,8668
9/9/14,PA0169,6649
7/27/14,PA0057,3875
1/10/14,PA0900,11523
6/24/14,PA0696,3617
10/21/14,PA0126,9905
1/21/14,PA0830,4599
12/25/14,PA0672,1331
9/23/14,PA0534,5778
6/15/14,PA0174,8304
6/5/14,PA0202,1358
10/12/14,PA0577,7747
7/15/14,PA0873,4311
2/19/14,PA0169,9757
5/16/14,PA0873,605
9/15/14,PA0958,773
11/20/14,PA0057,3630
7/8/14,PA0411,379
2/10/14,PA0470,9555
8/18/14,PA0270,8962
9/30/14,PA0830,3806
8/25/14,PA0277,6658
11/14/14,PA0474,8192
11/23/14,PA0552,5205
4/16/14,PA0338,8436
6/4/14,PA0169,2987
11/25/14,PA0057,4346
9/17/14,PA0619,11887
1/27/14,PA0873,11572
8/21/14,PA0859,3469
7/6/14,PA0577,10244
8/11/14,PA0057,6392
10/31/14,PA0411,8657
2/13/14,PA0270,8883
5/15/14,PA0607,1499
4/6/14,PA0318,4036
6/19/14,PA0368,5681
12/23/14,PA0752,6846
7/6/14,PA0792,3678
8/23/14,PA0696,6703
12/11/14,PA0923,7188
1/24/14,PA0543,5120
4/20/14,PA0474,4892
9/2/14,PA0543,9441
6/3/14,PA0174,10121
7/16/14,PA0308,5353
6/29/14,PA0659,9382
8/5/14,PA0534,6082
5/18/14,PA0696,8908
8/12/14,PA0952,4344
5/22/14,PA0202,2244
1/9/14,PA0394,11243
9/10/14,PA0696,6001
11/26/14,PA0607,10459
11/28/14,PA0293,11711
2/15/14,PA0338,3667
6/27/14,PA0526,6595
6/11/14,PA0672,4758
5/25/14,PA0659,6967
11/28/14,PA0792,9369
8/12/14,PA0696,1242
3/23/14,PA0973,560
1/16/14,PA0174,10347
3/25/14,PA0482,5378
2/2/14,PA0973,906
6/8/14,PA0552,1038
11/13/14,PA0696,9025
6/24/14,PA0338,8603
10/28/14,PA0368,8214
9/7/14,PA0318,4553
3/6/14,PA0973,6600
12/29/14,PA0808,9870
4/21/14,PA0482,11070
12/31/14,PA0411,11678
6/11/14,PA0308,10706
4/17/14,PA0973,9280
3/16/14,PA0751,4064
1/16/14,PA0270,2861
10/22/14,PA0659,10992
10/11/14,PA0394,10207
11/23/14,PA0543,2660
3/16/14,PA0270,3236
8/18/14,PA0174,8246
4/24/14,PA0174,4079
3/14/14,PA0411,7779
4/14/14,PA0607,10951
8/30/14,PA0619,NA
10/20/14,PA0354,1411
7/2/14,PA0873,11139
9/3/14,PA0198,3744
9/3/14,PA0470,919
5/17/14,PA0411,5487
3/11/14,PA0577,9315
11/3/14,PA0678,112
10/29/14,PA0318,11306
8/15/14,PA0678,8929
3/29/14,PA0696,2449
2/13/14,PA0900,9580
6/29/14,PA0394,10191
8/24/14,PA0318,2495
7/3/14,PA0607,11743
9/29/14,PA0527,4608
5/25/14,PA0973,7927
9/10/14,PA0411,6600
1/8/14,PA0198,4334
11/26/14,PA0830,2313
10/8/14,PA0751,3808
8/23/14,PA0198,3984
2/3/14,PA0368,11091
6/21/14,PA0474,3475
5/10/14,PA0526,8223
7/22/14,PA0808,2732
10/16/14,PA0527,6040
9/23/14,PA0293,6915
6/5/14,PA0543,6736
10/4/14,PA0467,5958
10/16/14,PA0577,6373
4/30/14,PA0843,11547
10/14/14,PA0696,10883
10/4/14,PA0752,9298
9/12/14,PA0808,1151
10/17/14,PA0202,7940
9/3/14,PA0696,2206
12/6/14,PA0368,10409
4/28/14,PA0057,5697
5/4/14,PA0543,10339
7/8/14,PA0607,7306
4/5/14,PA0859,11905
5/25/14,PA0952,NA
2/28/14,PA0169,8174
4/12/14,PA0169,2202
1/24/14,PA0527,7305
6/29/14,PA0474,5058
4/26/14,PA0352,211
11/29/14,PA0169,3342
8/5/14,PA0394,10492
10/17/14,PA0552,8664
3/17/14,PA0174,3939
9/3/14,PA0678,7220
2/26/14,PA0952,10024
6/17/14,PA0859,2313
2/24/14,PA0534,638
3/29/14,PA0308,1844
2/16/14,PA0792,8716
3/29/14,PA0678,6207
12/1/14,PA0168,7943
5/25/14,PA0527,9085
6/17/14,PA0534,2870
7/2/14,PA0318,313
10/1/14,PA0973,11331
1/14/14,PA0338,3449
2/14/14,PA0958,10672
3/22/14,PA0352,4129
7/11/14,PA0352,10717
5/10/14,PA0659,1720
4/14/14,PA0368,11261
9/25/14,PA0168,3899
1/30/14,PA0659,214
7/2/14,PA0258,7085
7/19/14,PA0482,344
2/15/14,PA0659,6800
4/21/14,PA0352,9668
2/17/14,PA0973,10576
9/27/14,PA0470,3676
8/8/14,PA0752,7742
6/17/14,PA0352,11867
3/24/14,PA0470,3529
5/21/14,PA0792,8524
3/8/14,PA0057,8389
3/29/14,PA0482,7398
1/3/14,PA0808,1265
2/3/14,PA0923,9132
12/22/14,PA0168,5424
1/11/14,PA0169,9599
11/14/14,PA0198,11027
7/4/14,PA0277,10876
3/15/14,PA0678,10146
10/28/14,PA0552,2090
1/18/14,PA0526,8067
1/31/14,PA0168,3292
6/3/14,PA0057,268
6/3/14,PA0534,4397
8/21/14,PA0270,6822
7/26/14,PA0752,2232
8/31/14,PA0411,7759
10/10/14,PA0973,3811
5/2/14,PA0900,1031
7/6/14,PA0354,10089
11/9/14,PA0394,10050
4/8/14,PA0543,2009
2/15/14,PA0474,356
4/19/14,PA0394,125
7/16/14,PA0619,2088
6/28/14,PA0577,6491
12/24/14,PA0057,164
4/5/14,PA0659,6676
4/19/14,PA0277,1733
8/20/14,PA0202,9706
1/22/14,PA0696,10582
8/5/14,PA0318,8051
7/19/14,PA0394,1693
11/21/14,PA0368,9175
1/22/14,PA0732,2020
3/7/14,PA0859,3060
11/9/14,PA0843,10227
7/8/14,PA0958,7911
8/15/14,PA0751,2766
12/10/14,PA0338,5295
7/31/14,PA0900,1540
6/29/14,PA0973,1190
6/13/14,PA0318,10797
6/18/14,PA0293,2145
1/17/14,PA0352,4443
3/2/14,PA0174,3760
6/15/14,PA0270,6735
6/20/14,PA0057,6779
10/13/14,PA0543,1243
3/26/14,PA0368,2184
6/7/14,PA0352,11238
3/10/14,PA0474,1888
11/18/14,PA0168,8510
8/25/14,PA0394,9781
5/12/14,PA0696,6760
6/13/14,PA0619,9685
6/7/14,PA0126,6244
6/30/14,PA0958,2825
11/24/14,PA0169,9488
7/11/14,PA0198,2286
7/14/14,PA0534,3798
3/2/14,PA0474,3134
9/11/14,PA0792,6487
3/18/14,PA0482,10154
6/4/14,PA0678,11906
11/3/14,PA0952,1549
3/21/14,PA0368,2446
7/22/14,PA0577,6253
3/24/14,PA0174,7650
5/8/14,PA0354,3957
7/4/14,PA0168,5785
1/28/14,PA0394,5034
4/2/14,PA0751,3513
2/20/14,PA0696,8464
1/13/14,PA0354,589
8/12/14,PA0752,5048
8/21/14,PA0352,3347
11/11/14,PA0202,3834
9/5/14,PA0745,1573
7/9/14,PA0552,10713
12/19/14,PA0543,6611
11/11/14,PA0482,7496
12/22/14,PA0169,9595
3/28/14,PA0752,6884
9/5/14,PA0352,11895
5/29/14,PA0057,3714
10/11/14,PA0952,11960
12/8/14,PA0751,11999
11/22/14,PA0526,2297
10/6/14,PA0057,1501
8/22/14,PA0607,545
6/12/14,PA0308,1105
11/20/14,PA0368,8477
5/17/14,PA0354,3426
6/19/14,PA0923,11485
5/1/14,PA0843,3805
8/27/14,PA0202,4208
11/3/14,PA0470,2083
6/12/14,PA0958,389
4/2/14,PA0527,1516
9/13/14,PA0696,6408
2/6/14,PA0873,1035
3/1/14,PA0659,11841
6/29/14,PA0308,4611
7/26/14,PA0577,NA
10/31/14,PA0467,5305
4/22/14,PA0678,9801
9/26/14,PA0202,1079
7/30/14,PA0543,2932
9/24/14,PA0973,8914
10/26/14,PA0745,841
1/31/14,PA0394,2784
7/3/14,PA0293,11819
10/30/14,PA0467,515
9/14/14,PA0368,11740
5/20/14,PA0619,2658
5/20/14,PA0277,4925
9/27/14,PA0168,7175
5/21/14,PA0659,3042
4/8/14,PA0354,11478
4/29/14,PA0958,7450
1/7/14,PA0752,11577
10/24/14,PA0527,2183
8/28/14,PA0732,1451
7/7/14,PA0526,5311
5/30/14,PA0277,4273
7/4/14,PA0973,669
9/21/14,PA0470,5636
7/20/14,PA0543,4329
3/15/14,PA0752,4569
11/22/14,PA0470,NA
11/2/14,PA0126,4301
2/2/14,PA0258,9047
9/9/14,PA0057,5657
12/21/14,PA0338,1742
4/17/14,PA0202,11690
9/12/14,PA0923,10156
4/29/14,PA0474,2468
6/16/14,PA0057,7295
5/20/14,PA0258,8511
1/25/14,PA0527,8999
10/19/14,PA0534,11436
2/26/14,PA0678,11349
8/7/14,PA0169,3184
11/5/14,PA0126,3615
5/17/14,PA0338,2239
8/14/14,PA0411,3487
5/8/14,PA0526,610
5/24/14,PA0900,11573
6/1/14,PA0338,4698
9/19/14,PA0543,11836
7/6/14,PA0526,2606
2/5/14,PA0258,8659
4/14/14,PA0952,9077
4/12/14,PA0619,11444
8/3/14,PA0168,2300
3/1/14,PA0534,180
3/22/14,PA0526,9631
7/25/14,PA0308,2248
3/4/14,PA0354,3928
2/15/14,PA0577,3174
5/12/14,PA0659,10547
11/22/14,PA0057,1614
2/18/14,PA0527,4664
2/28/14,PA0619,506
12/3/14,PA0352,1294
4/9/14,PA0752,1725
3/7/14,PA0552,8759
1/11/14,PA0808,3004
5/23/14,PA0534,7154
7/1/14,PA0751,6730
3/19/14,PA0202,2026
8/27/14,PA0467,6528
6/18/14,PA0169,6580
5/11/14,PA0202,11225
6/22/14,PA0277,2246
2/25/14,PA0745,965
11/24/14,PA0470,4273
12/3/14,PA0258,11568
2/19/14,PA0526,2133
1/17/14,PA0952,737
5/26/14,PA0678,3912
8/13/14,PA0057,2929
5/31/14,PA0534,2714
2/12/14,PA0607,11231
3/17/14,PA0873,8110
9/29/14,PA0751,11489
8/21/14,PA0952,5190
4/4/14,PA0526,3928
5/6/14,PA0411,9108
2/2/14,PA0543,5543
6/21/14,PA0577,8690
1/21/14,PA0751,11723
10/29/14,PA0277,9801
4/4/14,PA0859,NA
8/26/14,PA0057,560
5/30/14,PA0973,4063
8/9/14,PA0354,8825
11/16/14,PA0308,3453
10/10/14,PA0923,8346
4/22/14,PA0338,476
1/1/14,PA0126,2762
4/30/14,PA0467,10110
11/5/14,PA0411,396
12/19/14,PA0198,6589
6/1/14,PA0411,10241
1/31/14,PA0672,8453
12/5/14,PA0202,5340
10/22/14,PA0672,6124
3/4/14,PA0318,11097
5/25/14,PA0202,4985
8/25/14,PA0526,9591
2/1/14,PA0368,7721
5/26/14,PA0859,10844
9/13/14,PA0534,6431
10/24/14,PA0552,9250
6/6/14,PA0293,2840
9/29/14,PA0198,7250
12/11/14,PA0277,4551
1/28/14,PA0352,4249
1/6/14,PA0258,9815
12/6/14,PA0169,2325
11/26/14,PA0482,10754
7/2/14,PA0607,6430
11/12/14,PA0619,2989
7/29/14,PA0696,9293
2/25/14,PA0394,11548
11/27/14,PA0258,5728
6/26/14,PA0678,1221
3/20/14,PA0202,8179
12/15/14,PA0202,3511
3/28/14,PA0368,7979
7/16/14,PA0277,3384
5/31/14,PA0527,1402
7/26/14,PA0952,10019
7/10/14,PA0619,10318
6/23/14,PA0368,9242
6/8/14,PA0752,NA
2/8/14,PA0873,10529
4/8/14,PA0174,3664
6/25/14,PA0792,11498
8/15/14,PA0308,7713
12/1/14,PA0752,10902
5/28/14,PA0411,1375
11/27/14,PA0467,5552
9/1/14,PA0168,3735
3/5/14,PA0258,11481
10/25/14,PA0293,5151
3/2/14,PA0830,1130
12/31/14,PA0830,7612
4/10/14,PA0126,7052
1/9/14,PA0659,4048
12/18/14,PA0900,7775
6/17/14,PA0973,6949
6/20/14,PA0792,11640
8/19/14,PA0293,773
9/14/14,PA0277,2442
7/30/14,PA0843,11926
6/27/14,PA0352,2056
1/6/14,PA0169,2784
3/23/14,PA0168,2833
11/12/14,PA0126,9838
6/5/14,PA0659,9101
9/21/14,PA0659,3179
4/12/14,PA0830,10295
2/14/14,PA0732,7667
3/3/14,PA0126,11915
8/22/14,PA0258,2848
12/30/14,PA0543,2871
3/19/14,PA0745,4025
7/13/14,PA0752,10058
9/15/14,PA0732,8494
11/24/14,PA0338,4720
9/4/14,PA0352,6943
11/18/14,PA0352,2675
10/30/14,PA0318,1357
1/29/14,PA0958,3541
1/19/14,PA0659,1234
10/7/14,PA0394,11758
2/2/14,PA0843,9406
10/7/14,PA0923,5341
3/29/14,PA0534,5997
3/30/14,PA0607,9511
12/14/14,PA0808,8250
3/16/14,PA0293,6507
12/10/14,PA0973,2018
4/3/14,PA0169,1986
10/31/14,PA0474,1587
10/4/14,PA0543,9706
10/5/14,PA0873,11260
11/25/14,PA0338,10209
12/7/14,PA0752,393
5/18/14,PA0808,5303
11/26/14,PA0752,8831
10/30/14,PA0745,4397
3/26/14,PA0126,9626
3/4/14,PA0792,6236
11/1/14,PA0202,4205
11/15/14,PA0308,10259
8/10/14,PA0619,2677
4/12/14,PA0752,10128
4/27/14,PA0843,5675
7/9/14,PA0168,669
9/7/14,PA0470,9390
11/16/14,PA0900,835
3/22/14,PA0168,1237
5/21/14,PA0732,6818
6/26/14,PA0202,859
3/2/14,PA0198,3509
10/2/14,PA0526,727
7/18/14,PA0543,6611
10/26/14,PA0543,5525
1/21/14,PA0678,2031
5/2/14,PA0174,2818
9/16/14,PA0900,544
1/11/14,PA0394,4697
2/1/14,PA0952,5363
12/7/14,PA0923,6253
5/1/14,PA0202,1047
2/2/14,PA0830,9615
5/21/14,PA0678,2833
7/10/14,PA0338,1994
8/19/14,PA0696,9597
5/19/14,PA0174,8129
8/9/14,PA0318,845
1/2/14,PA0470,3153
7/14/14,PA0126,873
2/6/14,PA0792,11336
6/4/14,PA0526,4358
8/29/14,PA0678,7525
7/6/14,PA0752,11
5/21/14,PA0534,2837
5/31/14,PA0202,2467
10/16/14,PA0973,4020
8/28/14,PA0169,3283
9/25/14,PA0198,6926
4/26/14,PA0527,4749
11/21/14,PA0552,7605
6/7/14,PA0526,1124
9/10/14,PA0923,7714
11/1/14,PA0411,11609
10/23/14,PA0732,4663
4/21/14,PA0543,6691
12/24/14,PA0467,11656
12/17/14,PA0467,7454
12/25/14,PA0873,4054
6/17/14,PA0168,4670
5/16/14,PA0973,3625
4/30/14,PA0543,4376
4/14/14,PA0126,10112
1/2/14,PA0352,1626
3/23/14,PA0467,5652
12/3/14,PA0952,7950
10/3/14,PA0270,4957
1/18/14,PA0352,10589
6/3/14,PA0808,1438
12/22/14,PA0659,1924
7/4/14,PA0354,8987
1/25/14,PA0168,457
7/3/14,PA0352,2038
6/6/14,PA0830,57
4/30/14,PA0198,10086
10/30/14,PA0202,1134
6/4/14,PA0474,10432
8/1/14,PA0394,2272
11/21/14,PA0354,6147
12/25/14,PA0169,4075
2/15/14,PA0843,2132
9/28/14,PA0672,16
9/6/14,PA0169,7058
5/31/14,PA0552,1146
9/13/14,PA0057,5420
3/2/14,PA0752,5264
1/4/14,PA0859,3027
4/27/14,PA0952,8177
3/3/14,PA0258,7537
4/3/14,PA0745,11651
9/19/14,PA0973,5126
1/9/14,PA0696,10007
4/26/14,PA0168,5325
3/27/14,PA0293,4895
1/9/14,PA0169,8671
11/25/14,PA0470,3010
4/3/14,PA0873,2246
10/21/14,PA0293,5835
8/5/14,PA0174,5674
3/29/14,PA0659,3711
2/23/14,PA0958,3117
6/8/14,PA0745,11544
4/2/14,PA0792,4773
10/16/14,PA0169,550
12/18/14,PA0859,1215
5/5/14,PA0843,5409
6/8/14,PA0543,3455
10/5/14,PA0973,10447
12/5/14,PA0482,NA
11/20/14,PA0352,5821
1/28/14,PA0318,2777
5/26/14,PA0308,8817
6/12/14,PA0202,7389
11/24/14,PA0474,8063
11/22/14,PA0952,6545
11/9/14,PA0270,4079
8/3/14,PA0952,4017
8/8/14,PA0792,2626
9/20/14,PA0792,6757
11/19/14,PA0318,7627
9/1/14,PA0126,6063
1/19/14,PA0482,5503
1/7/14,PA0470,11321
10/28/14,PA0526,10349
12/6/14,PA0470,423
7/9/14,PA0474,5220
4/2/14,PA0678,6718
6/1/14,PA0293,5887
9/14/14,PA0352,8830
4/9/14,PA0745,2946
11/16/14,PA0752,5904
5/1/14,PA0751,4855
1/7/14,PA0318,4293
9/18/14,PA0470,1544
12/5/14,PA0174,9896
3/15/14,PA0470,6460
4/17/14,PA0470,4754
4/22/14,PA0745,8037
1/26/14,PA0973,4213
4/26/14,PA0659,6167
2/27/14,PA0543,7648
6/9/14,PA0672,1454
3/7/14,PA0696,3214
8/10/14,PA0057,6754
8/16/14,PA0732,4585
11/18/14,PA0169,3626
8/15/14,PA0659,729
1/9/14,PA0338,2735
11/9/14,PA0619,550
8/15/14,PA0577,10160
7/15/14,PA0952,4300
8/30/14,PA0168,6034
5/10/14,PA0678,730
9/10/14,PA0174,7579
9/21/14,PA0619,1437
11/19/14,PA0168,6994
10/7/14,PA0338,6759
4/15/14,PA0577,9341
5/3/14,PA0859,10513
9/26/14,PA0678,5410
8/23/14,PA0318,5163
7/20/14,PA0338,3616
4/25/14,PA0873,10063
10/23/14,PA0751,5457
6/22/14,PA0552,8051
5/9/14,PA0830,7874
4/11/14,PA0474,6937
5/2/14,PA0830,7741
1/13/14,PA0526,6809
5/14/14,PA0354,1830
9/7/14,PA0843,11407
7/15/14,PA0923,5023
10/2/14,PA0354,7837
7/18/14,PA0293,6738
2/19/14,PA0338,3241
6/6/14,PA0859,2680
1/21/14,PA0270,3977
8/3/14,PA0354,598
8/13/14,PA0308,3863
1/2/14,PA0482,8927
4/1/14,PA0308,11973
10/1/14,PA0543,8027
12/21/14,PA0394,467
1/14/14,PA0952,8288
5/29/14,PA0859,4156
11/21/14,PA0952,4772
2/23/14,PA0527,10607
5/18/14,PA0368,6090
10/3/14,PA0792,8325
10/21/14,PA0411,3538
12/16/14,PA0958,6828
8/1/14,PA0258,9702
7/1/14,PA0745,11385
10/24/14,PA0482,3892
3/20/14,PA0696,11287
2/12/14,PA0526,3838
2/7/14,PA0900,918
6/29/14,PA0859,4844
3/4/14,PA0607,1805
9/9/14,PA0659,3258
6/24/14,PA0202,6053
1/24/14,PA0174,5922
12/11/14,PA0534,3311
2/11/14,PA0202,1060
11/26/14,PA0411,9004
8/26/14,PA0174,6650
2/22/14,PA0696,7180
6/27/14,PA0958,8039
4/7/14,PA0745,11582
5/9/14,PA0952,1571
11/15/14,PA0900,1660
2/20/14,PA0354,2514
11/17/14,PA0745,4111
12/10/14,PA0169,9485
11/26/14,PA0843,7137
4/25/14,PA0672,8643
4/21/14,PA0830,3497
5/11/14,PA0952,9558
8/20/14,PA0474,4508
7/9/14,PA0830,9828
4/10/14,PA0354,8665
5/24/14,PA0619,9679
12/9/14,PA0482,4242
8/3/14,PA0169,4561
6/13/14,PA0277,7474
11/21/14,PA0672,6389
7/10/14,PA0552,10957
8/18/14,PA0394,9701
2/27/14,PA0527,55
8/3/14,PA0830,408
12/16/14,PA0467,10973
9/11/14,PA0672,8633
7/8/14,PA0354,4200
2/3/14,PA0202,NA
12/22/14,PA0352,11392
12/25/14,PA0792,585
6/17/14,PA0482,3168
1/24/14,PA0470,8766
3/16/14,PA0526,4920
8/25/14,PA0308,8929
3/24/14,PA0552,9608
11/29/14,PA0752,10870
8/17/14,PA0198,2285
8/27/14,PA0752,4698
3/12/14,PA0732,9542
7/13/14,PA0830,9018
2/8/14,PA0126,237
11/1/14,PA0792,89
3/22/14,PA0873,2508
9/9/14,PA0467,1144
1/12/14,PA0394,8419
12/7/14,PA0168,1077
3/3/14,PA0577,1234
6/26/14,PA0607,8562
8/10/14,PA0474,5816
4/24/14,PA0270,7872
3/1/14,PA0672,1561
1/12/14,PA0900,10849
5/17/14,PA0873,8069
3/23/14,PA0198,4407
7/31/14,PA0277,10529
11/13/14,PA0952,9333
7/29/14,PA0751,3279
8/5/14,PA0873,2920
11/14/14,PA0973,883
9/27/14,PA0659,6158
4/17/14,PA0752,2375
6/29/14,PA0607,5637
2/27/14,PA0830,7550
1/9/14,PA0900,904
1/19/14,PA0958,6487
8/28/14,PA0830,3875
7/28/14,PA0752,4848
2/18/14,PA0672,11399
2/15/14,PA0467,10589
11/25/14,PA0672,9406
11/27/14,PA0543,5935
7/24/14,PA0808,6414
11/7/14,PA0808,8273
6/20/14,PA0859,8586
11/27/14,PA0526,5868
3/8/14,PA0659,8660
2/20/14,PA0859,6325
10/21/14,PA0952,5264
4/15/14,PA0394,5137
9/29/14,PA0277,5513
11/9/14,PA0338,9694
1/10/14,PA0368,7590
8/29/14,PA0859,6169
9/1/14,PA0258,7281
10/21/14,PA0258,2249
8/10/14,PA0352,10722
5/15/14,PA0552,6143
2/14/14,PA0169,7165
8/19/14,PA0174,3048
3/16/14,PA0792,10162
10/11/14,PA0169,10391
10/12/14,PA0470,9179
7/29/14,PA0202,11854
6/30/14,PA0672,5081
12/22/14,PA0808,3573
6/1/14,PA0543,7701
8/26/14,PA0751,10919
5/28/14,PA0843,73
12/12/14,PA0169,10275
1/19/14,PA0352,11104
4/28/14,PA0467,4529
12/20/14,PA0873,10515
2/2/14,PA0198,10787
10/15/14,PA0126,2888
5/8/14,PA0923,9301
8/26/14,PA0859,996
8/9/14,PA0258,7294
6/7/14,PA0270,5802
9/11/14,PA0973,10353
11/6/14,PA0174,4770
4/15/14,PA0470,2209
8/29/14,PA0526,10964
3/2/14,PA0745,2191
3/17/14,PA0732,214
9/24/14,PA0752,1851
1/23/14,PA0411,8052
1/26/14,PA0752,4816
10/1/14,PA0752,3857
3/16/14,PA0169,555
9/22/14,PA0368,3549
8/19/14,PA0619,9443
12/21/14,PA0873,4795
9/3/14,PA0526,3801
11/28/14,PA0732,5969
11/25/14,PA0318,10102
12/24/14,PA0470,3157
3/23/14,PA0202,3168
1/15/14,PA0696,9064
12/29/14,PA0752,1145
11/22/14,PA0354,9330
6/19/14,PA0619,3482
4/17/14,PA0672,9725
1/15/14,PA0411,11901
11/25/14,PA0923,3982
1/2/14,PA0958,9005
1/20/14,PA0354,6590
12/12/14,PA0527,7023
9/2/14,PA0308,326
8/27/14,PA0859,8805
2/4/14,PA0352,4815
1/22/14,PA0843,3691
1/8/14,PA0543,9751
12/23/14,PA0696,4745
8/3/14,PA0526,7590
9/1/14,PA0293,6941
12/16/14,PA0543,8206
12/4/14,PA0696,67
9/29/14,PA0126,9524
5/18/14,PA0672,3981
9/18/14,PA0168,9955
7/13/14,PA0527,8455
1/12/14,PA0258,6614
9/14/14,PA0745,1866
10/28/14,PA0745,3020
7/31/14,PA0732,2407
4/8/14,PA0843,6170
1/21/14,PA0354,5913
5/18/14,PA0467,1644
3/24/14,PA0270,10982
6/14/14,PA0843,4258
2/20/14,PA0543,1177
8/7/14,PA0873,10594
2/12/14,PA0973,450
4/24/14,PA0467,7164
5/18/14,PA0470,1702
4/1/14,PA0843,3221
4/6/14,PA0952,721
9/12/14,PA0308,9875
6/9/14,PA0923,21
6/1/14,PA0527,6567
8/19/14,PA0198,8481
7/25/14,PA0470,1326
12/5/14,PA0258,6885
4/27/14,PA0352,6370
2/7/14,PA0696,4719
12/23/14,PA0169,9601
10/4/14,PA0318,8768
3/7/14,PA0751,1367
1/5/14,PA0352,3581
11/21/14,PA0745,174
9/24/14,PA0732,11190
3/28/14,PA0482,6993
7/11/14,PA0752,6838
10/28/14,PA0619,5848
6/10/14,PA0368,2777
8/1/14,PA0830,3168
9/15/14,PA0474,11334
12/14/14,PA0394,744
1/25/14,PA0526,1073
11/24/14,PA0202,6365
12/28/14,PA0552,7465
9/16/14,PA0293,7915
10/18/14,PA0526,10612
3/8/14,PA0577,1728
7/3/14,PA0258,6043
2/4/14,PA0474,8879
2/14/14,PA0619,7856
7/22/14,PA0126,7313
4/5/14,PA0394,3182
9/7/14,PA0607,11421
9/7/14,PA0270,6383
5/11/14,PA0057,10665
8/6/14,PA0202,5740
12/29/14,PA0338,2753
10/9/14,PA0552,4954
3/19/14,PA0338,8987
1/19/14,PA0126,4424
8/27/14,PA0352,5203
8/11/14,PA0843,3810
3/1/14,PA0958,11935
5/13/14,PA0474,4878
6/18/14,PA0057,11669
5/29/14,PA0923,6214
10/7/14,PA0057,6709
1/20/14,PA0293,9229
12/24/14,PA0732,1667
4/28/14,PA0174,8274
1/18/14,PA0368,6919
4/29/14,PA0168,9727
2/15/14,PA0792,5019
5/14/14,PA0678,8868
9/1/14,PA0552,2482
8/2/14,PA0952,11329
3/4/14,PA0126,1332
7/10/14,PA0873,10258
6/19/14,PA0318,10394
2/21/14,PA0057,4010
5/27/14,PA0873,9809
4/3/14,PA0258,3144
6/22/14,PA0619,7981
7/10/14,PA0308,9652
1/23/14,PA0808,1818
6/12/14,PA0873,10633
12/21/14,PA0900,9755
4/16/14,PA0672,1100
6/4/14,PA0732,3512
1/1/14,PA0859,8639
10/27/14,PA0923,3856
8/31/14,PA0470,3091
7/17/14,PA0474,10083
4/28/14,PA0126,6698
5/4/14,PA0973,9580
1/9/14,PA0168,5575
7/10/14,PA0470,11412
12/6/14,PA0198,2568
11/1/14,PA0368,10600
9/14/14,PA0258,10189
9/25/14,PA0057,11713
6/9/14,PA0808,3195
10/19/14,PA0752,2545
12/8/14,PA0168,6540
10/24/14,PA0411,10617
8/16/14,PA0534,5002
2/3/14,PA0607,2228
1/27/14,PA0482,5782
9/6/14,PA0168,3871
2/24/14,PA0843,4907
5/26/14,PA0482,3777
11/30/14,PA0526,9132
10/7/14,PA0973,295
8/2/14,PA0411,1825
4/12/14,PA0258,5587
5/22/14,PA0859,11892
9/3/14,PA0923,7876
2/17/14,PA0607,5935
2/25/14,PA0900,8600
10/9/14,PA0830,9084
4/20/14,PA0308,8190
9/20/14,PA0527,4110
1/13/14,PA0808,3351
11/27/14,PA0830,899
9/1/14,PA0732,11508
5/18/14,PA0534,8489
3/3/14,PA0526,8267
10/21/14,PA0202,3394
12/23/14,PA0678,10489
11/1/14,PA0619,144
2/18/14,PA0354,9785
9/12/14,PA0619,11142
8/19/14,PA0751,8918
3/21/14,PA0873,2558
10/28/14,PA0338,7396
11/28/14,PA0696,993
7/14/14,PA0552,8263
1/21/14,PA0752,4483
8/3/14,PA0318,11088
8/1/14,PA0202,5023
3/17/14,PA0169,3390
7/3/14,PA0973,6344
4/6/14,PA0270,6892
2/9/14,PA0859,2087
8/13/14,PA0577,6481
6/16/14,PA0168,11388
9/15/14,PA0270,5366
9/13/14,PA0174,9442
2/18/14,PA0659,5435
1/12/14,PA0751,10556
2/13/14,PA0745,1714
5/13/14,PA0338,2989
8/20/14,PA0900,11083
3/26/14,PA0534,7819
6/25/14,PA0808,9084
3/3/14,PA0678,3471
3/7/14,PA0308,11524
9/17/14,PA0659,11047
3/14/14,PA0258,6849
7/11/14,PA0732,5320
3/6/14,PA0552,9906
10/18/14,PA0732,5469
7/7/14,PA0174,3496
6/14/14,PA0952,2250
12/18/14,PA0368,9903
12/10/14,PA0552,4836
5/2/14,PA0258,1914
6/10/14,PA0952,9503
4/15/14,PA0843,5992
1/24/14,PA0352,8116
6/23/14,PA0900,614
9/4/14,PA0258,9716
6/23/14,PA0923,5194
4/9/14,PA0619,1007
1/4/14,PA0527,6130
7/17/14,PA0198,6826
11/29/14,PA0678,3613
10/22/14,PA0368,3986
11/2/14,PA0607,4764
7/23/14,PA0843,169
12/10/14,PA0126,8660
10/9/14,PA0308,5800
8/8/14,PA0270,7800
1/17/14,PA0198,9898
1/21/14,PA0659,7421
7/23/14,PA0952,7172
9/15/14,PA0859,2847
12/3/14,PA0057,4001
3/30/14,PA0368,6360
2/4/14,PA0745,3181
1/3/14,PA0745,8722
8/13/14,PA0859,4695
2/28/14,PA0543,1869
6/15/14,PA0308,11148
1/15/14,PA0202,10080
8/5/14,PA0198,9873
10/23/14,PA0352,3899
1/29/14,PA0411,9487
2/21/14,PA0202,9628
3/23/14,PA0308,9443
3/17/14,PA0958,11252
12/14/14,PA0126,113
8/13/14,PA0792,8128
6/10/14,PA0607,8856
11/30/14,PA0678,1657
9/26/14,PA0745,NA
6/25/14,PA0258,1184
11/19/14,PA0830,11712
4/5/14,PA0973,7369
5/29/14,PA0696,3767
8/16/14,PA0577,11258
3/29/14,PA0607,9096
8/30/14,PA0952,4035
8/8/14,PA0843,212
3/27/14,PA0745,9218
7/14/14,PA0470,5543
11/11/14,PA0368,8791
10/29/14,PA0672,8462
3/30/14,PA0859,4527
7/11/14,PA0277,11844
4/21/14,PA0057,2320
12/5/14,PA0873,4660
4/4/14,PA0258,10818
5/16/14,PA0678,5448
1/24/14,PA0126,3994
1/28/14,PA0057,7145
1/22/14,PA0973,6475
11/7/14,PA0526,7610
6/2/14,PA0198,4369
4/17/14,PA0318,11057
9/15/14,PA0808,7563
10/7/14,PA0198,4938
12/9/14,PA0168,6626
10/8/14,PA0354,6599
9/15/14,PA0352,11551
9/29/14,PA0411,1032
2/11/14,PA0467,2435
10/26/14,PA0202,3214
1/10/14,PA0732,11000
3/29/14,PA0169,9024
11/23/14,PA0659,10276
10/21/14,PA0352,963
3/6/14,PA0258,5621
10/5/14,PA0958,673
11/30/14,PA0318,4089
8/18/14,PA0482,8199
7/27/14,PA0900,8181
4/3/14,PA0923,6530
6/9/14,PA0873,654
2/14/14,PA0607,5314
9/16/14,PA0859,814
10/5/14,PA0952,11735
3/26/14,PA0394,956
6/18/14,PA0752,7321
4/20/14,PA0859,9118
2/1/14,PA0732,5382
11/13/14,PA0900,3703
10/10/14,PA0174,10783
1/18/14,PA0338,419
4/13/14,PA0198,8139
4/10/14,PA0057,8710
3/2/14,PA0482,8882
4/23/14,PA0900,3662
1/16/14,PA0202,1833
9/21/14,PA0354,750
8/16/14,PA0752,6189
9/28/14,PA0482,7797
8/9/14,PA0751,5530
3/7/14,PA0792,5222
3/6/14,PA0900,2814
3/13/14,PA0057,2857
3/22/14,PA0672,11566
9/7/14,PA0467,5578
6/4/14,PA0534,4388
1/29/14,PA0752,994
8/5/14,PA0411,1820
5/25/14,PA0958,9876
2/17/14,PA0482,7722
11/29/14,PA0057,11838
8/9/14,PA0900,7428
3/22/14,PA0202,189
1/3/14,PA0354,2761
2/8/14,PA0751,10297
10/6/14,PA0607,10207
2/28/14,PA0696,9696
5/1/14,PA0745,8325
9/24/14,PA0543,85
6/8/14,PA0126,5796
6/22/14,PA0659,2899
6/3/14,PA0411,5372
3/21/14,PA0270,8408
12/24/14,PA0482,9564
7/13/14,PA0607,10412
6/11/14,PA0198,8126
3/11/14,PA0792,11749
7/4/14,PA0843,1120
11/28/14,PA0678,11984
4/27/14,PA0678,8001
10/9/14,PA0873,3987
6/15/14,PA0293,6061
1/20/14,PA0202,2238
4/13/14,PA0411,2516
6/25/14,PA0198,6090
7/26/14,PA0411,7422
10/4/14,PA0659,4912
5/8/14,PA0470,5743
5/1/14,PA0900,6536
4/24/14,PA0659,1903
8/12/14,PA0202,1957
7/9/14,PA0751,165
9/8/14,PA0619,1005
10/9/14,PA0482,1733
10/7/14,PA0552,10570
9/12/14,PA0958,2190
10/10/14,PA0672,1226
8/23/14,PA0659,6819
2/20/14,PA0258,4902
6/25/14,PA0482,1915
4/22/14,PA0830,468
5/14/14,PA0552,9933
12/26/14,PA0952,6312
10/13/14,PA0368,9083
2/7/14,PA0923,8669
2/8/14,PA0352,837
7/5/14,PA0830,8977
5/8/14,PA0368,7622
11/26/14,PA0958,11389
5/28/14,PA0352,10916
11/27/14,PA0411,9632
6/27/14,PA0745,4998
2/14/14,PA0552,601
12/11/14,PA0577,4405
1/22/14,PA0352,8659
11/12/14,PA0293,8329
4/24/14,PA0577,10770
3/15/14,PA0394,7156
4/3/14,PA0752,5582
5/16/14,PA0577,9657
7/6/14,PA0474,7604
5/1/14,PA0394,9198
11/21/14,PA0198,9633
11/2/14,PA0293,2159
12/17/14,PA0830,1560
2/3/14,PA0474,9806
5/21/14,PA0318,8239
5/2/14,PA0732,7549
1/8/14,PA0526,4333
9/8/14,PA0752,6275
10/31/14,PA0482,3188
10/11/14,PA0470,5979
2/22/14,PA0168,6326
12/9/14,PA0467,3648
2/19/14,PA0696,4814
2/19/14,PA0792,9728
4/11/14,PA0659,3582
4/14/14,PA0527,9656
7/3/14,PA0526,4991
12/20/14,PA0696,9168
9/26/14,PA0270,7949
9/19/14,PA0552,6470
7/4/14,PA0526,9885
1/2/14,PA0732,9518
2/25/14,PA0751,10350
7/25/14,PA0672,6053
2/25/14,PA0659,8482
9/12/14,PA0552,2716
1/2/14,PA0678,2573
12/15/14,PA0354,8985
1/21/14,PA0526,537
11/13/14,PA0527,6022
3/24/14,PA0368,2470
8/30/14,PA0527,7934
11/30/14,PA0543,6933
3/13/14,PA0168,9755
11/27/14,PA0202,384
6/3/14,PA0732,1381
2/7/14,PA0830,6945
5/9/14,PA0198,11654
8/11/14,PA0202,4686
3/19/14,PA0258,8671
6/28/14,PA0696,8673
6/28/14,PA0057,8180
5/10/14,PA0752,6398
6/6/14,PA0923,4636
4/23/14,PA0126,3340
10/18/14,PA0057,2345
5/8/14,PA0467,7281
8/1/14,PA0293,3647
6/27/14,PA0368,4869
1/28/14,PA0678,1312
11/13/14,PA0202,5086
11/30/14,PA0470,6516
3/7/14,PA0659,3782
4/27/14,PA0543,6662
4/19/14,PA0534,4732
10/24/14,PA0843,9392
6/16/14,PA0169,3880
8/15/14,PA0534,369
11/27/14,PA0619,10685
3/26/14,PA0732,6761
10/27/14,PA0474,11902
1/12/14,PA0057,6999
6/30/14,PA0270,9221
10/5/14,PA0126,9424
12/2/14,PA0534,2276
6/29/14,PA0534,11890
7/15/14,PA0482,11938
6/5/14,PA0619,11469
5/13/14,PA0859,10107
8/1/14,PA0318,4588
5/6/14,PA0338,11246
1/27/14,PA0354,9998
12/22/14,PA0526,3789
8/2/14,PA0732,7998
6/23/14,PA0619,5254
4/1/14,PA0792,6091
11/19/14,PA0394,5510
9/25/14,PA0258,5761
9/19/14,PA0293,1200
10/24/14,PA0293,7530
12/4/14,PA0900,11137
10/9/14,PA0293,9918
10/23/14,PA0467,1143
12/7/14,PA0952,4235
2/8/14,PA0169,10666
8/29/14,PA0952,8284
2/11/14,PA0843,10837
5/11/14,PA0859,8320
1/18/14,PA0808,7972
6/21/14,PA0534,6502
2/18/14,PA0526,3784
11/4/14,PA0394,8939
1/24/14,PA0808,1786
11/15/14,PA0527,214
8/29/14,PA0900,493
6/2/14,PA0293,11934
6/28/14,PA0952,363
1/14/14,PA0474,11348
10/4/14,PA0352,1007
11/23/14,PA0973,4952
3/18/14,PA0354,1176
3/8/14,PA0808,6661
6/25/14,PA0751,1675
7/15/14,PA0527,1310
10/4/14,PA0577,791
7/4/14,PA0527,7524
8/24/14,PA0958,7785
3/19/14,PA0958,6276
8/16/14,PA0619,1392
4/22/14,PA0752,10070
5/6/14,PA0696,4292
3/11/14,PA0394,6786
1/5/14,PA0958,10255
3/25/14,PA0308,10340
3/2/14,PA0169,3970
5/11/14,PA0619,8448
3/24/14,PA0923,2963
1/9/14,PA0751,1118
9/4/14,PA0952,442
3/23/14,PA0923,997
12/2/14,PA0352,10803
12/8/14,PA0900,4991
12/9/14,PA0198,3785
4/4/14,PA0352,8647
12/27/14,PA0792,7329
8/16/14,PA0277,4411
11/25/14,PA0873,5063
12/25/14,PA0411,9586
11/9/14,PA0174,11004
6/15/14,PA0859,2527
1/20/14,PA0923,3919
11/7/14,PA0394,8499
9/24/14,PA0792,5097
12/28/14,PA0830,3615
7/14/14,PA0859,3872
7/19/14,PA0308,4145
1/12/14,PA0338,3900
3/2/14,PA0467,8998
5/8/14,PA0474,2690
7/19/14,PA0552,2727
3/10/14,PA0411,8703
11/23/14,PA0126,6054
1/12/14,PA0308,5145
1/12/14,PA0527,1051
4/3/14,PA0202,6885
1/11/14,PA0354,10233
7/23/14,PA0543,676
2/27/14,PA0552,9440
12/26/14,PA0277,3851
4/13/14,PA0745,7445
7/25/14,PA0552,747
1/14/14,PA0169,11589
4/17/14,PA0619,5650
3/5/14,PA0169,2719
1/7/14,PA0354,8265
1/27/14,PA0352,6733
4/27/14,PA0168,9498
9/29/14,PA0543,9191
7/4/14,PA0745,5546
9/28/14,PA0958,7739
6/22/14,PA0057,3279
6/16/14,PA0752,9313
11/17/14,PA0258,3513
10/19/14,PA0352,8652
12/30/14,PA0258,8869
10/2/14,PA0843,NA
12/1/14,PA0293,8706
9/30/14,PA0732,2614
12/15/14,PA0126,732
10/9/14,PA0958,7038
9/15/14,PA0198,7272
12/8/14,PA0368,8597
8/7/14,PA0126,29
3/13/14,PA0411,5674
5/27/14,PA0751,5853
5/13/14,PA0973,829
12/10/14,PA0352,9461
4/11/14,PA0527,4479
9/9/14,PA0973,7067
10/23/14,PA0873,1807
3/18/14,PA0394,9624
5/2/14,PA0318,305
10/28/14,PA0293,7457
12/2/14,PA0543,2087
7/13/14,PA0859,8611
4/11/14,PA0859,10603
5/30/14,PA0467,5253
3/6/14,PA0169,7563
11/25/14,PA0543,4938
12/16/14,PA0338,8062
5/7/14,PA0411,2951
6/22/14,PA0169,5377
10/26/14,PA0354,8357
5/14/14,PA0792,5405
6/14/14,PA0411,8302
11/11/14,PA0354,9736
2/10/14,PA0859,8021
12/9/14,PA0873,1793
4/14/14,PA0751,11643
6/23/14,PA0474,10118
5/8/14,PA0198,1194
9/18/14,PA0368,2670
2/9/14,PA0338,4723
5/15/14,PA0696,528
1/2/14,PA0277,2067
11/25/14,PA0958,860
11/27/14,PA0732,5514
11/29/14,PA0696,6474
4/13/14,PA0318,4703
12/27/14,PA0057,9314
4/27/14,PA0751,7344
6/11/14,PA0752,11413
4/2/14,PA0474,4427
7/1/14,PA0482,10714
6/21/14,PA0808,8504
12/23/14,PA0318,NA
1/1/14,PA0958,4701
2/8/14,PA0843,2978
4/19/14,PA0202,1740
3/8/14,PA0859,8531
8/21/14,PA0751,NA
1/1/14,PA0352,10581
12/31/14,PA0672,1835
1/15/14,PA0534,2547
4/10/14,PA0543,10523
9/23/14,PA0843,29
9/13/14,PA0843,3665
12/8/14,PA0270,11560
2/22/14,PA0474,5365
7/1/14,PA0752,3588
8/29/14,PA0659,4752
7/13/14,PA0470,7740
6/11/14,PA0859,8678
9/19/14,PA0411,8191
9/18/14,PA0923,8113
7/28/14,PA0543,8796
3/23/14,PA0394,1933
1/19/14,PA0394,5964
5/20/14,PA0873,3645
2/23/14,PA0534,8073
4/28/14,PA0270,11599
5/12/14,PA0308,11784
12/21/14,PA0202,6385
7/21/14,PA0527,3400
8/20/14,PA0552,8880
3/11/14,PA0293,6407
8/30/14,PA0958,11541
12/1/14,PA0202,11068
11/20/14,PA0859,5943
12/10/14,PA0732,11816
5/5/14,PA0482,9708
7/11/14,PA0745,7907
8/15/14,PA0394,10109
9/24/14,PA0338,7773
9/8/14,PA0126,2781
8/14/14,PA0277,10162
3/12/14,PA0293,9104
5/22/14,PA0482,4948
10/28/14,PA0470,3513
2/21/14,PA0169,5039
6/6/14,PA0368,2022
8/29/14,PA0843,10433
1/27/14,PA0958,7824
2/2/14,PA0318,7425
3/6/14,PA0368,2961
5/8/14,PA0752,3476
8/21/14,PA0752,4917
10/15/14,PA0169,9870
10/24/14,PA0900,6990
9/21/14,PA0751,1065
2/9/14,PA0751,4434
1/28/14,PA0474,1365
5/13/14,PA0057,9490
5/13/14,PA0577,9887
2/2/14,PA0202,6674
6/10/14,PA0808,4444
1/17/14,PA0368,1490
11/19/14,PA0526,7903
5/30/14,PA0619,13
6/9/14,PA0534,11015
2/17/14,PA0202,225
11/10/14,PA0277,6045
6/9/14,PA0577,9880
3/27/14,PA0923,7310
10/4/14,PA0751,9471
6/25/14,PA0318,397
6/14/14,PA0482,639
9/11/14,PA0830,9507
2/17/14,PA0338,5478
8/20/14,PA0308,4695
3/11/14,PA0338,4989
12/12/14,PA0174,1213
6/26/14,PA0958,10788
3/29/14,PA0830,2811
3/30/14,PA0258,8340
3/24/14,PA0732,3353
9/19/14,PA0792,7885
9/16/14,PA0696,1319
4/9/14,PA0174,8140
9/6/14,PA0526,8697
4/18/14,PA0368,6985
12/31/14,PA0973,943
10/8/14,PA0168,2790
3/4/14,PA0873,4268
11/11/14,PA0552,3548
11/20/14,PA0619,10186
7/31/14,PA0952,11691
8/19/14,PA0277,11657
3/7/14,PA0470,8256
3/6/14,PA0474,3301
8/1/14,PA0470,5712
8/24/14,PA0482,NA
3/14/14,PA0354,9491
10/30/14,PA0338,3304
2/14/14,PA0308,11336
3/18/14,PA0411,9063
9/24/14,PA0198,9688
5/27/14,PA0752,10393
11/17/14,PA0752,10054
5/29/14,PA0534,11464
9/4/14,PA0843,1679
4/4/14,PA0338,2636
11/23/14,PA0619,8079
6/12/14,PA0277,4189
2/4/14,PA0607,10584
6/2/14,PA0470,9607
11/14/14,PA0672,2065
6/9/14,PA0474,11870
8/22/14,PA0830,9397
10/22/14,PA0732,1327
5/9/14,PA0308,7872
11/12/14,PA0352,314
6/29/14,PA0577,398
11/20/14,PA0354,6434
9/30/14,PA0678,630
4/19/14,PA0552,5399
6/14/14,PA0338,3080
9/16/14,PA0368,9576
4/29/14,PA0873,4037
7/22/14,PA0751,11012
10/21/14,PA0526,10204
2/22/14,PA0607,9562
6/27/14,PA0843,8097
3/5/14,PA0467,9812
1/4/14,PA0607,1515
5/12/14,PA0354,5886
6/28/14,PA0169,1908
11/8/14,PA0808,6749
2/8/14,PA0534,2603
8/30/14,PA0354,5985
12/12/14,PA0368,9826
3/12/14,PA0751,3485
1/25/14,PA0751,1361
11/24/14,PA0732,1957
9/17/14,PA0577,10932
12/13/14,PA0859,2549
1/5/14,PA0923,5288
1/20/14,PA0057,9552
1/20/14,PA0659,10574
7/31/14,PA0202,11717
7/14/14,PA0474,3572
8/3/14,PA0751,8798
1/13/14,PA0873,9487
3/13/14,PA0873,8567
2/12/14,PA0552,10314
11/1/14,PA0678,3539
5/1/14,PA0474,6693
11/24/14,PA0958,11911
12/6/14,PA0411,2336
7/8/14,PA0352,1434
11/26/14,PA0368,1703
8/26/14,PA0168,4606
1/26/14,PA0277,2071
7/13/14,PA0792,11667
7/14/14,PA0169,10202
11/26/14,PA0678,9684
6/21/14,PA0751,4384
4/14/14,PA0900,4119
10/27/14,PA0830,9027
9/3/14,PA0859,6600
6/20/14,PA0843,5925
8/1/14,PA0308,8437
12/29/14,PA0527,462
2/6/14,PA0607,4332
4/15/14,PA0830,9564
9/24/14,PA0952,2586
3/29/14,PA0952,6950
8/2/14,PA0859,8638
4/10/14,PA0830,9628
3/24/14,PA0745,829
8/3/14,PA0873,1542
3/17/14,PA0202,1350
4/13/14,PA0552,6934
11/3/14,PA0751,11099
10/10/14,PA0607,1906
2/20/14,PA0552,1859
9/13/14,PA0308,1783
8/21/14,PA0696,541
11/22/14,PA0808,10846
2/28/14,PA0352,6425
3/18/14,PA0923,7025
4/7/14,PA0672,4692
11/15/14,PA0552,7944
2/14/14,PA0174,5785
12/7/14,PA0202,9323
5/18/14,PA0293,10906
10/14/14,PA0352,9073
8/16/14,PA0198,5933
12/16/14,PA0202,10311
2/21/14,PA0534,11770
6/8/14,PA0352,9897
11/21/14,PA0526,10965
7/5/14,PA0619,9986
4/17/14,PA0526,6141
2/6/14,PA0659,6178
7/21/14,PA0672,2206
12/10/14,PA0792,102
2/7/14,PA0338,6750
7/30/14,PA0973,9243
12/16/14,PA0607,9817
11/19/14,PA0607,4553
12/27/14,PA0270,1705
5/4/14,PA0751,5792
6/18/14,PA0696,4499
1/23/14,PA0900,7656
10/11/14,PA0923,81
7/5/14,PA0659,5114
12/1/14,PA0843,5351
8/17/14,PA0534,9141
7/16/14,PA0577,9484
12/24/14,PA0174,5852
5/30/14,PA0808,3341
9/20/14,PA0168,1059
6/1/14,PA0678,5625
12/23/14,PA0258,1719
4/19/14,PA0696,11247
10/26/14,PA0368,5860
7/1/14,PA0696,8685
2/13/14,PA0168,2267
8/17/14,PA0659,9857
2/6/14,PA0470,5637
8/4/14,PA0792,6543
2/18/14,PA0808,10614
6/28/14,PA0659,503
9/30/14,PA0958,8185
3/25/14,PA0338,10334
4/20/14,PA0174,2695
11/14/14,PA0354,1672
10/16/14,PA0552,3482
7/24/14,PA0411,5944
7/2/14,PA0368,7839
4/30/14,PA0534,7201
11/13/14,PA0318,11546
3/18/14,PA0198,7232
3/9/14,PA0338,7539
10/20/14,PA0270,5118
5/23/14,PA0057,1976
9/22/14,PA0900,4933
3/13/14,PA0277,345
4/25/14,PA0696,4679
11/5/14,PA0830,9519
10/7/14,PA0126,11960
6/6/14,PA0126,4756
11/30/14,PA0174,7590
4/17/14,PA0258,8129
12/31/14,PA0482,8606
4/17/14,PA0808,7842
12/17/14,PA0672,5382
2/11/14,PA0270,5364
10/14/14,PA0277,8853
1/28/14,PA0751,4764
5/17/14,PA0577,10503
1/23/14,PA0202,10
7/19/14,PA0859,3051
6/30/14,PA0411,6996
12/7/14,PA0552,10469
3/28/14,PA0873,4385
12/28/14,PA0527,10394
6/20/14,PA0411,9387
9/25/14,PA0174,3313
3/13/14,PA0952,2067
5/25/14,PA0270,7806
7/6/14,PA0751,9080
5/25/14,PA0526,3398
12/18/14,PA0873,11352
1/12/14,PA0293,260
12/28/14,PA0470,9863
3/8/14,PA0308,8779
4/24/14,PA0672,1475
4/20/14,PA0958,9389
1/28/14,PA0168,5855
4/30/14,PA0659,4860
7/20/14,PA0354,3357
1/28/14,PA0277,246
2/7/14,PA0527,9584
8/2/14,PA0752,9390
12/27/14,PA0174,779
10/2/14,PA0534,5424
1/18/14,PA0843,3299
11/21/14,PA0169,NA
4/26/14,PA0900,8616
1/23/14,PA0270,2105
6/1/14,PA0923,805
2/6/14,PA0619,7556
5/1/14,PA0619,2909
3/11/14,PA0923,5228
2/8/14,PA0258,7813
1/27/14,PA0607,5574
11/29/14,PA0368,5377
1/17/14,PA0900,915
4/29/14,PA0808,4816
5/1/14,PA0534,556
3/19/14,PA0577,631
6/26/14,PA0527,9867
10/31/14,PA0308,11173
12/8/14,PA0318,11709
7/15/14,PA0198,11011
12/13/14,PA0751,10755
12/25/14,PA0808,4681
12/30/14,PA0354,1781
6/7/14,PA0169,11346
2/9/14,PA0354,10203
3/15/14,PA0354,5530
12/20/14,PA0732,2761
8/19/14,PA0958,6322
11/9/14,PA0900,5430
6/16/14,PA0482,9992
11/27/14,PA0900,11725
7/31/14,PA0169,4349
10/15/14,PA0843,6929
7/13/14,PA0258,6839
11/19/14,PA0873,4409
8/26/14,PA0534,1887
2/1/14,PA0672,540
12/4/14,PA0168,3084
10/12/14,PA0482,3597
4/22/14,PA0923,9484
3/19/14,PA0696,4504
11/21/14,PA0843,3829
6/5/14,PA0923,9869
11/9/14,PA0198,5878
6/18/14,PA0808,4496
6/23/14,PA0830,5734
5/24/14,PA0696,6731
7/17/14,PA0900,11335
7/30/14,PA0659,9088
7/18/14,PA0792,8656
6/30/14,PA0526,1649
10/11/14,PA0958,5986
10/30/14,PA0830,283
12/2/14,PA0467,3568
12/29/14,PA0859,9493
10/20/14,PA0900,1567
1/20/14,PA0198,3989
10/26/14,PA0352,11232
4/23/14,PA0751,3225
3/18/14,PA0057,10906
6/24/14,PA0830,2277
5/15/14,PA0577,10625
10/30/14,PA0270,300
12/8/14,PA0830,10445
11/25/14,PA0168,2707
5/14/14,PA0308,5745
4/20/14,PA0973,5631
11/20/14,PA0873,8086
5/1/14,PA0467,11536
4/26/14,PA0696,1215
6/29/14,PA0352,2835
7/13/14,PA0270,1642
11/1/14,PA0672,3825
10/11/14,PA0202,6473
11/10/14,PA0696,1339
7/27/14,PA0607,7945
10/14/14,PA0467,6550
5/25/14,PA0411,6427
12/29/14,PA0659,2265
2/6/14,PA0394,3623
12/24/14,PA0792,8701
4/18/14,PA0830,4283
6/18/14,PA0368,162
3/21/14,PA0843,1782
12/20/14,PA0900,10801
1/25/14,PA0354,7156
8/31/14,PA0808,7048
12/22/14,PA0057,8252
5/21/14,PA0607,5734
7/5/14,PA0732,501
10/27/14,PA0352,3416
7/23/14,PA0577,4097
10/29/14,PA0293,6325
2/22/14,PA0830,2287
2/1/14,PA0752,1022
7/22/14,PA0258,4943
1/13/14,PA0338,NA
12/16/14,PA0534,474
1/24/14,PA0168,7997
6/19/14,PA0843,10308
12/8/14,PA0198,10879
10/13/14,PA0659,5200
7/12/14,PA0577,9595
2/27/14,PA0126,5967
12/30/14,PA0394,1897
7/7/14,PA0352,8650
6/12/14,PA0552,9567
3/5/14,PA0792,2871
7/26/14,PA0873,1680
1/30/14,PA0394,5208
8/24/14,PA0577,10242
6/2/14,PA0873,5564
3/11/14,PA0752,7060
7/31/14,PA0745,3444
11/17/14,PA0126,7256
5/23/14,PA0732,2100
5/5/14,PA0394,5797
6/2/14,PA0526,5779
4/5/14,PA0696,3654
2/19/14,PA0202,2328
5/2/14,PA0411,6671
6/21/14,PA0607,6918
4/21/14,PA0318,6654
12/25/14,PA0527,3083
1/16/14,PA0958,5073
3/15/14,PA0527,3935
3/3/14,PA0808,3600
6/4/14,PA0873,5244
4/12/14,PA0843,11401
11/24/14,PA0552,3548
2/23/14,PA0174,4348
10/31/14,PA0552,4724
3/11/14,PA0526,6762
5/27/14,PA0973,5804
1/7/14,PA0168,10213
11/7/14,PA0732,846
8/28/14,PA0900,10720
7/12/14,PA0394,786
11/10/14,PA0467,1573
11/27/14,PA0534,2694
11/16/14,PA0293,8553
12/15/14,PA0607,3248
8/12/14,PA0732,3966
7/7/14,PA0923,664
8/26/14,PA0526,5577
6/26/14,PA0873,7945
11/14/14,PA0308,10057
1/9/14,PA0474,755
8/4/14,PA0958,2542
5/27/14,PA0467,7778
11/6/14,PA0168,1074
11/24/14,PA0619,9057
2/16/14,PA0169,3025
11/22/14,PA0169,11580
10/19/14,PA0696,2088
10/15/14,PA0830,9314
9/8/14,PA0270,9067
7/20/14,PA0900,8309
9/1/14,PA0270,11967
7/26/14,PA0792,6344
1/23/14,PA0543,4586
10/18/14,PA0270,6705
12/4/14,PA0552,3893
11/10/14,PA0174,4663
8/13/14,PA0873,11743
2/12/14,PA0198,11943
1/17/14,PA0696,3716
10/8/14,PA0482,1387
9/9/14,PA0619,7565
7/9/14,PA0577,5000
7/25/14,PA0352,NA
2/15/14,PA0169,6790
12/8/14,PA0534,10228
2/20/14,PA0169,7595
8/3/14,PA0482,10604
2/20/14,PA0174,7749
10/30/14,PA0659,1215
5/25/14,PA0394,9223
12/9/14,PA0696,5933
11/8/14,PA0534,2498
10/25/14,PA0318,1116
7/19/14,PA0467,5839
9/4/14,PA0973,7141
3/2/14,PA0543,92
10/27/14,PA0751,11142
12/9/14,PA0552,5469
7/10/14,PA0577,1147
7/26/14,PA0958,3105
9/19/14,PA0952,8248
7/12/14,PA0552,10200
7/24/14,PA0354,6979
2/19/14,PA0352,3123
1/29/14,PA0126,526
6/2/14,PA0352,534
5/25/14,PA0277,4599
12/4/14,PA0534,8928
2/23/14,PA0168,2675
4/1/14,PA0745,8599
5/8/14,PA0958,9118
11/18/14,PA0952,10959
1/28/14,PA0354,5139
12/25/14,PA0394,6483
10/1/14,PA0552,2798
4/22/14,PA0808,2611
2/28/14,PA0958,4497
8/30/14,PA0577,11536
12/8/14,PA0470,7068
3/21/14,PA0958,2853
12/5/14,PA0552,1272
4/8/14,PA0577,4247
10/29/14,PA0308,8699
7/15/14,PA0174,341
5/4/14,PA0678,10364
10/24/14,PA0474,11847
2/6/14,PA0732,4765
8/21/14,PA0338,6636
4/29/14,PA0527,6321
8/12/14,PA0923,6370
6/10/14,PA0270,2788
12/20/14,PA0534,378
5/6/14,PA0308,2834
6/13/14,PA0270,6523
9/16/14,PA0619,9860
8/20/14,PA0368,2257
6/9/14,PA0126,883
12/27/14,PA0354,11362
9/5/14,PA0607,4491
8/18/14,PA0277,4333
3/19/14,PA0467,7018
12/2/14,PA0202,3495
11/6/14,PA0308,9754
10/9/14,PA0808,10206
3/18/14,PA0526,8895
1/25/14,PA0308,5401
2/27/14,PA0057,11676
1/6/14,PA0126,5509
3/20/14,PA0678,1591
8/19/14,PA0607,8553
4/15/14,PA0543,3738
6/25/14,PA0394,7303
9/18/14,PA0619,5374
5/26/14,PA0543,3585
5/28/14,PA0900,NA
8/6/14,PA0577,361
10/30/14,PA0678,9266
10/14/14,PA0843,8370
10/18/14,PA0843,2027
3/23/14,PA0958,8825
3/30/14,PA0338,9794
10/28/14,PA0900,11680
5/12/14,PA0619,6175
11/4/14,PA0745,6320
4/18/14,PA0277,10478
3/5/14,PA0619,6870
10/16/14,PA0258,8734
7/23/14,PA0745,2165
3/16/14,PA0198,678
12/26/14,PA0900,6943
2/12/14,PA0952,6915
2/28/14,PA0534,6437
10/14/14,PA0607,4341
10/31/14,PA0168,1712
10/9/14,PA0394,NA
10/2/14,PA0202,9301
3/5/14,PA0526,7302
10/28/14,PA0859,182
11/21/14,PA0318,294
5/4/14,PA0672,3455
4/15/14,PA0526,11863
2/1/14,PA0394,10686
8/8/14,PA0808,6124
10/6/14,PA0168,10897
1/15/14,PA0258,5169
2/12/14,PA0543,2499
3/16/14,PA0354,2377
7/26/14,PA0168,8364
9/13/14,PA0859,749
4/18/14,PA0308,6437
1/30/14,PA0843,6290
8/26/14,PA0830,7491
9/2/14,PA0900,6168
10/12/14,PA0745,7855
10/19/14,PA0202,2459
1/13/14,PA0352,7763
7/24/14,PA0174,11597
10/14/14,PA0368,7575
5/18/14,PA0318,8701
4/1/14,PA0126,6204
4/12/14,PA0270,9855
4/27/14,PA0057,2679
3/25/14,PA0607,621
8/2/14,PA0202,3680
9/23/14,PA0659,4002
7/12/14,PA0873,5551
8/2/14,PA0659,8839
2/4/14,PA0534,10723
2/8/14,PA0308,7213
2/28/14,PA0270,9903
12/31/14,PA0126,1099
3/24/14,PA0168,1153
10/24/14,PA0338,144
12/7/14,PA0354,3686
6/25/14,PA0745,9996
4/1/14,PA0354,10915
1/27/14,PA0619,1521
9/21/14,PA0202,10785
1/31/14,PA0745,2224
7/27/14,PA0958,1572
3/15/14,PA0607,5484
4/24/14,PA0678,4508
9/4/14,PA0732,9363
12/31/14,PA0808,7817
11/3/14,PA0552,8906
12/6/14,PA0830,6463
5/12/14,PA0900,7801
9/21/14,PA0293,9718
5/11/14,PA0973,4495
5/31/14,PA0126,5215
10/14/14,PA0293,6772
3/16/14,PA0534,7891
3/29/14,PA0258,3525
7/6/14,PA0543,2213
8/24/14,PA0873,11396
10/1/14,PA0830,7243
6/10/14,PA0619,4897
10/3/14,PA0293,3950
6/20/14,PA0270,776
2/23/14,PA0293,10420
6/4/14,PA0174,10828
8/31/14,PA0534,9165
5/23/14,PA0169,1514
2/25/14,PA0607,9761
5/13/14,PA0923,7367
10/7/14,PA0577,5427
5/3/14,PA0830,9757
3/2/14,PA0368,11840
12/30/14,PA0973,6873
10/29/14,PA0474,8776
7/15/14,PA0277,7476
4/8/14,PA0168,4070
4/16/14,PA0859,3766
10/13/14,PA0318,560
7/28/14,PA0923,11267
2/28/14,PA0751,2537
4/22/14,PA0270,11404
1/9/14,PA0792,2060
1/8/14,PA0577,875
8/18/14,PA0973,4274
5/18/14,PA0619,9486
5/25/14,PA0923,11186
8/13/14,PA0752,7374
2/1/14,PA0900,5487
9/15/14,PA0830,9735
12/3/14,PA0678,5095
1/23/14,PA0526,8382
5/5/14,PA0952,NA
11/2/14,PA0394,NA
11/4/14,PA0607,3612
4/27/14,PA0354,11793
5/23/14,PA0368,4731
8/30/14,PA0808,1291
8/8/14,PA0352,7463
5/14/14,PA0474,5593
2/4/14,PA0174,5754
1/12/14,PA0607,11635
8/11/14,PA0368,2894
3/2/14,PA0619,2977
8/22/14,PA0338,8713
9/8/14,PA0470,9537
8/20/14,PA0830,7446
5/28/14,PA0318,400
7/14/14,PA0527,7113
12/10/14,PA0526,5705
2/28/14,PA0973,6968
8/27/14,PA0745,6435
11/29/14,PA0552,10191
5/22/14,PA0467,4078
10/10/14,PA0057,7749
5/21/14,PA0552,5356
3/26/14,PA0672,9648
9/21/14,PA0958,9355
1/6/14,PA0843,5054
1/6/14,PA0745,2487
10/22/14,PA0752,1871
2/5/14,PA0843,4245
12/10/14,PA0659,4234
9/18/14,PA0467,9620
7/9/14,PA0270,2998
11/11/14,PA0577,3328
12/13/14,PA0923,11261
11/6/14,PA0277,9038
3/29/14,PA0174,11429
3/22/14,PA0958,8602
3/27/14,PA0270,3712
7/4/14,PA0474,1782
12/23/14,PA0745,10871
8/7/14,PA0474,667
10/22/14,PA0258,10195
5/6/14,PA0174,11572
8/8/14,PA0126,5825
11/21/14,PA0732,5049
6/19/14,PA0293,2924
4/5/14,PA0527,904
11/8/14,PA0169,5086
10/28/14,PA0270,7856
1/17/14,PA0527,4943
11/26/14,PA0394,11026
8/26/14,PA0470,7814
8/23/14,PA0338,2238
6/14/14,PA0198,3922
11/25/14,PA0202,5275
7/5/14,PA0873,10704
5/26/14,PA0923,6333
12/5/14,PA0338,2759
9/28/14,PA0543,10890
5/24/14,PA0577,3099
8/17/14,PA0169,6162
5/30/14,PA0411,3813
7/27/14,PA0482,254
9/2/14,PA0338,4197
2/13/14,PA0202,11954
10/15/14,PA0277,1310
3/22/14,PA0900,9606
8/16/14,PA0467,6303
8/1/14,PA0859,1634
2/27/14,PA0467,10457
5/1/14,PA0526,3392
11/5/14,PA0368,7041
7/1/14,PA0952,1005
3/12/14,PA0126,1064
1/6/14,PA0338,2346
4/5/14,PA0293,3335
10/20/14,PA0808,7337
3/10/14,PA0672,7625
5/8/14,PA0678,4218
2/10/14,PA0174,760
6/25/14,PA0354,6197
2/16/14,PA0607,8392
9/5/14,PA0534,4586
9/28/14,PA0394,9721
1/3/14,PA0607,8069
3/30/14,PA0527,11065
8/1/14,PA0552,3659
11/8/14,PA0411,3304
10/27/14,PA0057,5127
10/12/14,PA0923,512
6/5/14,PA0900,5269
12/26/14,PA0368,11748
10/16/14,PA0678,6838
2/10/14,PA0808,5028
12/6/14,PA0293,4004
3/20/14,PA0843,7455
10/28/14,PA0973,5205
9/25/14,PA0732,10928
10/19/14,PA0526,5035
11/3/14,PA0607,421
12/27/14,PA0808,2212
9/16/14,PA0126,5008
1/18/14,PA0293,534
4/24/14,PA0394,7344
2/10/14,PA0168,7186
7/1/14,PA0293,7946
10/28/14,PA0354,10839
6/17/14,PA0792,5703
2/9/14,PA0126,11904
4/3/14,PA0859,8730
2/8/14,PA0202,4866
3/7/14,PA0270,7765
3/9/14,PA0474,11419
10/30/14,PA0169,7001
10/7/14,PA0368,2663
11/11/14,PA0751,10483
12/29/14,PA0467,11883
1/15/14,PA0270,10190
10/5/14,PA0352,10928
7/1/14,PA0973,869
11/4/14,PA0543,5797
6/13/14,PA0958,4352
9/1/14,PA0543,8574
11/10/14,PA0745,7980
3/18/14,PA0467,6507
12/28/14,PA0318,8352
6/6/14,PA0745,10956
6/13/14,PA0368,8785
2/2/14,PA0270,11177
6/28/14,PA0394,261
5/29/14,PA0577,6125
12/21/14,PA0751,10170
12/5/14,PA0678,9227
8/21/14,PA0318,11095
1/14/14,PA0607,10041
1/13/14,PA0470,5194
3/29/14,PA0745,6669
3/25/14,PA0352,126
11/8/14,PA0751,6458
4/1/14,PA0527,9308
8/16/14,PA0859,6073
11/12/14,PA0752,4150
9/29/14,PA0830,8309
11/25/14,PA0745,6643
9/11/14,PA0958,4738
1/25/14,PA0752,9561
10/31/14,PA0958,8002
2/8/14,PA0619,7901
1/18/14,PA0577,4517
6/12/14,PA0607,7693
7/17/14,PA0543,1021
8/15/14,PA0338,2749
6/26/14,PA0174,10179
8/17/14,PA0168,140
7/20/14,PA0696,11235
5/25/14,PA0678,11559
11/12/14,PA0923,2015
1/4/14,PA0368,3482
6/18/14,PA0543,5531
12/8/14,PA0672,4012
7/30/14,PA0411,4797
10/22/14,PA0843,708
2/10/14,PA0900,229
6/26/14,PA0354,10411
3/24/14,PA0830,4865
6/14/14,PA0534,9513
1/17/14,PA0745,5296
4/14/14,PA0308,10099
6/22/14,PA0952,2934
2/12/14,PA0308,9297
1/8/14,PA0830,2949
5/13/14,PA0270,5700
11/11/14,PA0808,8009
3/21/14,PA0174,7887
12/27/14,PA0202,1103
12/17/14,PA0474,11330
4/15/14,PA0368,1659
9/13/14,PA0732,9474
11/17/14,PA0873,7116
1/9/14,PA0873,3162
7/21/14,PA0973,3507
7/31/14,PA0126,1165
1/28/14,PA0745,6065
8/12/14,PA0577,9250
8/14/14,PA0752,6622
4/5/14,PA0792,5697
1/9/14,PA0126,622
9/23/14,PA0258,6042
11/30/14,PA0619,NA
1/3/14,PA0873,5963
11/11/14,PA0394,9821
10/30/14,PA0174,5441
10/8/14,PA0474,11587
8/4/14,PA0368,10538
10/17/14,PA0745,5974
11/29/14,PA0470,NA
8/18/14,PA0745,1519
5/24/14,PA0482,7604
3/9/14,PA0873,6881
11/23/14,PA0696,1292
6/1/14,PA0352,3849
3/14/14,PA0482,9569
6/7/14,PA0202,5400
6/25/14,PA0678,9619
10/11/14,PA0354,4821
11/30/14,PA0751,5931
12/5/14,PA0527,4898
8/4/14,PA0308,395
8/14/14,PA0318,6896
12/27/14,PA0394,1399
7/4/14,PA0732,1782
4/20/14,PA0126,8209
8/27/14,PA0543,9217
8/27/14,PA0792,1947
3/27/14,PA0696,10020
3/17/14,PA0973,6953
7/12/14,PA0174,7950
4/14/14,PA0958,6487
9/3/14,PA0411,5022
9/22/14,PA0792,2347
8/20/14,PA0352,6260
9/26/14,PA0973,7049
4/19/14,PA0318,8481
2/2/14,PA0607,2741
3/12/14,PA0808,5146
4/14/14,PA0474,5150
5/28/14,PA0607,10924
9/17/14,PA0258,7954
3/5/14,PA0973,9647
8/4/14,PA0277,8703
9/21/14,PA0527,8605
9/21/14,PA0577,6087
10/18/14,PA0830,6800
5/10/14,PA0308,10084
3/25/14,PA0270,2516
6/9/14,PA0368,10716
1/26/14,PA0577,788
7/2/14,PA0543,10237
5/4/14,PA0745,8346
3/4/14,PA0859,6281
9/18/14,PA0607,5447
11/30/14,PA0168,10174
5/16/14,PA0174,248
4/6/14,PA0174,5384
12/12/14,PA0732,122
10/9/14,PA0526,8980
10/19/14,PA0293,4454
9/14/14,PA0973,1860
6/17/14,PA0467,1749
1/1/14,PA0482,1245
2/7/14,PA0534,2109
4/28/14,PA0526,7277
8/4/14,PA0952,4830
8/18/14,PA0952,3982
1/28/14,PA0258,3771
10/25/14,PA0126,11068
2/22/14,PA0843,11085
12/22/14,PA0792,4079
10/17/14,PA0534,6176
1/29/14,PA0168,798
6/27/14,PA0482,1477
3/26/14,PA0338,7309
2/18/14,PA0973,89
9/1/14,PA0202,10350
9/29/14,PA0619,1657
4/7/14,PA0952,5244
10/4/14,PA0482,2269
7/20/14,PA0577,5891
9/20/14,PA0352,7024
4/25/14,PA0958,1857
11/6/14,PA0543,4781
11/10/14,PA0526,10304
4/13/14,PA0859,1574
12/1/14,PA0174,9264
6/25/14,PA0534,7019
5/22/14,PA0126,11981
5/10/14,PA0470,3995
10/12/14,PA0258,10587
7/14/14,PA0792,2718
9/17/14,PA0168,10853
2/27/14,PA0168,8594
4/27/14,PA0745,5471
9/20/14,PA0619,6307
12/26/14,PA0619,9904
4/1/14,PA0752,2280
2/16/14,PA0126,5422
1/3/14,PA0619,7859
5/18/14,PA0973,6065
8/2/14,PA0368,7624
5/29/14,PA0394,180
3/2/14,PA0526,6363
12/20/14,PA0270,2688
3/2/14,PA0277,3603
5/19/14,PA0270,10579
9/11/14,PA0293,1621
8/24/14,PA0467,8808
6/23/14,PA0258,7862
7/12/14,PA0482,10227
7/9/14,PA0696,9794
2/2/14,PA0696,11596
5/11/14,PA0338,10738
11/21/14,PA0830,6641
12/6/14,PA0270,4759
9/20/14,PA0308,9215
9/26/14,PA0752,11762
9/1/14,PA0607,9495
12/20/14,PA0672,3262
4/14/14,PA0973,9
11/14/14,PA0696,NA
4/22/14,PA0368,4397
12/7/14,PA0696,7229
3/21/14,PA0474,4613
12/23/14,PA0527,10813
7/4/14,PA0607,10907
3/15/14,PA0198,4949
4/25/14,PA0952,5141
6/26/14,PA0830,3135
1/29/14,PA0923,10988
10/9/14,PA0792,644
5/20/14,PA0526,9537
11/12/14,PA0732,11654
12/12/14,PA0900,8680
5/10/14,PA0293,2355
12/3/14,PA0308,8480
10/13/14,PA0258,11788
12/6/14,PA0732,11507
3/1/14,PA0168,11176
12/25/14,PA0751,4619
6/13/14,PA0411,8361
8/19/14,PA0973,3119
4/22/14,PA0126,10934
4/24/14,PA0543,2286
4/13/14,PA0258,28
8/23/14,PA0751,3655
3/15/14,PA0126,8511
4/22/14,PA0202,2738
12/5/14,PA0394,8914
7/19/14,PA0470,4994
11/30/14,PA0696,4301
4/19/14,PA0672,352
11/14/14,PA0352,3330
12/29/14,PA0619,2567
3/12/14,PA0745,7383
11/16/14,PA0830,6097
10/15/14,PA0270,3643
10/4/14,PA0277,1923
2/4/14,PA0168,6902
11/4/14,PA0808,1459
3/31/14,PA0843,5673
1/17/14,PA0168,304
8/8/14,PA0672,6147
5/5/14,PA0751,7459
2/10/14,PA0126,8962
3/9/14,PA0745,9385
10/22/14,PA0354,34
7/26/14,PA0659,8060
9/11/14,PA0126,4661
5/11/14,PA0174,11479
12/27/14,PA0352,8801
6/26/14,PA0732,2161
4/10/14,PA0678,5952
11/5/14,PA0394,NA
9/22/14,PA0202,3892
5/23/14,PA0527,3568
12/30/14,PA0338,5030
8/10/14,PA0258,863
9/6/14,PA0474,3019
3/29/14,PA0470,41
1/23/14,PA0619,5795
12/22/14,PA0577,7249
11/1/14,PA0752,5066
1/23/14,PA0678,5038
12/20/14,PA0952,6113
9/16/14,PA0659,2991
1/23/14,PA0973,5100
4/3/14,PA0527,4896
1/4/14,PA0619,9164
4/23/14,PA0527,10620
7/10/14,PA0973,5994
6/3/14,PA0973,3516
12/15/14,PA0830,4480
3/27/14,PA0527,8980
4/8/14,PA0308,9096
3/17/14,PA0543,3660
7/7/14,PA0843,6124
8/23/14,PA0308,1166
9/12/14,PA0527,4771
11/2/14,PA0808,8609
9/17/14,PA0830,957
12/5/14,PA0619,7298
4/25/14,PA0470,7693
2/11/14,PA0607,7515
12/28/14,PA0859,8780
5/12/14,PA0526,10672
2/13/14,PA0607,7776
2/14/14,PA0672,5272
12/30/14,PA0672,491
12/2/14,PA0308,9615
9/15/14,PA0308,6053
9/13/14,PA0126,7060
1/21/14,PA0470,7581
6/3/14,PA0958,1837
6/23/14,PA0552,5460
1/25/14,PA0277,2132
11/19/14,PA0958,411
5/13/14,PA0368,4859
11/22/14,PA0126,10800
10/19/14,PA0923,7078
1/21/14,PA0394,2742
7/4/14,PA0659,2317
1/7/14,PA0174,4239
1/12/14,PA0619,1120
8/26/14,PA0411,741
6/26/14,PA0751,8582
4/20/14,PA0543,8314
10/11/14,PA0808,11367
5/5/14,PA0198,5941
7/25/14,PA0859,10782
3/14/14,PA0543,8047
9/12/14,PA0792,2286
5/13/14,PA0526,7642
10/13/14,PA0752,5686
10/13/14,PA0619,10816
8/29/14,PA0482,7883
5/25/14,PA0258,2069
1/3/14,PA0168,9936
11/14/14,PA0467,11522
2/10/14,PA0873,9691
8/12/14,PA0126,9585
10/27/14,PA0958,10502
9/20/14,PA0174,2510
6/30/14,PA0527,9780
11/11/14,PA0958,7444
6/16/14,PA0293,4736
1/8/14,PA0900,6637
9/26/14,PA0057,9734
1/25/14,PA0482,8950
9/7/14,PA0534,3862
9/13/14,PA0168,5928
10/28/14,PA0952,4255
4/28/14,PA0354,10954
7/27/14,PA0808,10161
5/8/14,PA0732,8971
4/22/14,PA0952,6218
4/30/14,PA0527,5916
10/28/14,PA0543,9968
3/10/14,PA0126,7039
3/6/14,PA0672,5708
7/2/14,PA0527,3196
1/30/14,PA0338,11129
10/5/14,PA0474,8207
7/3/14,PA0470,7096
10/20/14,PA0678,447
5/31/14,PA0843,2188
7/5/14,PA0467,10376
5/3/14,PA0526,4961
4/29/14,PA0258,4967
1/21/14,PA0527,918
7/8/14,PA0830,5999
9/22/14,PA0952,7301
5/19/14,PA0293,3115
4/2/14,PA0659,6034
11/28/14,PA0843,2458
2/1/14,PA0958,8331
7/18/14,PA0258,4601
9/19/14,PA0751,4792
6/6/14,PA0873,NA
4/9/14,PA0732,172
5/31/14,PA0174,3722
8/25/14,PA0792,8815
3/6/14,PA0198,9899
11/19/14,PA0696,2707
9/24/14,PA0830,1823
10/1/14,PA0467,8838
10/5/14,PA0318,5247
1/1/14,PA0057,5403
10/6/14,PA0678,11507
9/29/14,PA0534,5037
8/7/14,PA0277,4999
12/24/14,PA0354,856
10/27/14,PA0318,5444
6/19/14,PA0470,2881
6/9/14,PA0619,2906
4/3/14,PA0808,4400
1/3/14,PA0126,168
3/13/14,PA0527,8042
6/5/14,PA0174,11272
2/21/14,PA0368,7235
8/28/14,PA0174,9594
12/29/14,PA0057,3260
6/21/14,PA0318,6515
10/21/14,PA0474,2666
11/13/14,PA0534,9046
8/16/14,PA0368,NA
5/8/14,PA0751,10081
12/4/14,PA0873,8035
2/14/14,PA0830,11119
9/18/14,PA0732,10413
10/23/14,PA0174,11973
7/3/14,PA0752,2547
1/3/14,PA0552,8256
6/2/14,PA0552,4842
2/21/14,PA0126,10013
2/13/14,PA0411,5453
3/20/14,PA0258,2771
1/25/14,PA0293,7260
11/28/14,PA0672,10289
6/14/14,PA0318,8151
7/14/14,PA0873,2741
8/6/14,PA0354,9591
12/2/14,PA0808,1327
11/30/14,PA0482,3443
3/20/14,PA0308,186
12/7/14,PA0577,2715
11/8/14,PA0467,3493
10/26/14,PA0534,5984
2/16/14,PA0534,10572
12/3/14,PA0923,11177
8/20/14,PA0482,2051
11/9/14,PA0873,11701
8/31/14,PA0169,686
7/2/14,PA0534,11687
12/29/14,PA0552,9227
3/15/14,PA0543,10476
10/3/14,PA0470,9942
6/20/14,PA0958,11607
1/23/14,PA0258,663
10/1/14,PA0678,1083
4/10/14,PA0352,5611
11/22/14,PA0958,1003
10/16/14,PA0126,8603
11/21/14,PA0873,10923
4/21/14,PA0751,4581
9/7/14,PA0411,5042
10/8/14,PA0552,10454
8/29/14,PA0474,549
8/25/14,PA0900,7488
4/21/14,PA0808,8216
1/21/14,PA0958,6688
10/8/14,PA0318,5237
5/18/14,PA0198,7356
3/13/14,PA0198,3877
6/24/14,PA0607,3185
10/24/14,PA0057,3301
1/19/14,PA0678,2474
1/1/14,PA0308,2292
2/27/14,PA0258,188
3/7/14,PA0467,5886
4/21/14,PA0900,11614
12/14/14,PA0900,11764
1/27/14,PA0368,11894
1/30/14,PA0859,9659
10/2/14,PA0482,6750
12/17/14,PA0678,1336
7/13/14,PA0678,5082
8/28/14,PA0338,8863
9/1/14,PA0527,1569
8/30/14,PA0338,5042
5/3/14,PA0527,9953
10/23/14,PA0168,8970
6/15/14,PA0277,2639
2/15/14,PA0859,1417
2/12/14,PA0792,10838
9/30/14,PA0527,9088
5/2/14,PA0168,4114
6/9/14,PA0958,6782
3/9/14,PA0169,6089
12/26/14,PA0526,3586
10/16/14,PA0873,3810
5/19/14,PA0526,207
7/7/14,PA0474,4045
11/8/14,PA0792,11174
8/23/14,PA0270,9879
6/15/14,PA0973,4858
7/9/14,PA0792,7083
10/30/14,PA0277,6547
1/9/14,PA0482,11882
6/6/14,PA0470,3946
1/10/14,PA0607,5936
6/7/14,PA0198,8060
11/21/14,PA0258,5141
9/21/14,PA0526,4923
9/14/14,PA0470,9354
1/18/14,PA0202,4920
1/11/14,PA0202,12000
1/23/14,PA0527,1478
12/19/14,PA0843,11147
5/15/14,PA0808,7210
6/13/14,PA0607,906
7/8/14,PA0672,7434
9/23/14,PA0952,4705
9/29/14,PA0258,1024
3/3/14,PA0659,3229
8/27/14,PA0057,2778
3/4/14,PA0958,3527
5/24/14,PA0277,10163
11/1/14,PA0952,177
12/28/14,PA0411,3937
11/12/14,PA0607,6301
2/9/14,PA0752,5905
6/21/14,PA0394,5930
4/12/14,PA0952,794
7/25/14,PA0678,10107
11/6/14,PA0411,1988
7/8/14,PA0277,5105
1/27/14,PA0659,3593
5/5/14,PA0543,233
5/12/14,PA0577,11357
6/11/14,PA0534,7177
6/22/14,PA0168,613
7/3/14,PA0198,6566
1/22/14,PA0202,963
11/14/14,PA0873,4774
5/14/14,PA0873,8990
10/31/14,PA0792,7243
6/7/14,PA0900,7322
9/25/14,PA0952,11729
4/19/14,PA0527,5894
7/10/14,PA0394,2588
9/9/14,PA0958,2799
5/17/14,PA0830,1430
4/9/14,PA0973,11908
11/11/14,PA0411,7135
4/4/14,PA0198,11724
1/19/14,PA0973,9986
10/16/14,PA0308,3222
9/2/14,PA0619,11863
6/8/14,PA0474,1598
1/11/14,PA0174,3749
3/13/14,PA0202,6351
8/9/14,PA0293,4724
11/27/14,PA0923,11715
9/20/14,PA0126,3792
1/22/14,PA0577,6731
1/12/14,PA0752,10774
10/30/14,PA0792,10344
11/2/14,PA0952,4346
4/12/14,PA0672,7048
3/13/14,PA0900,595
10/9/14,PA0745,2863
8/31/14,PA0552,4628
1/23/14,PA0168,10861
2/9/14,PA0174,4343
6/12/14,PA0168,8772
4/24/14,PA0900,7182
11/23/14,PA0482,4824
5/13/14,PA0552,6816
2/3/14,PA0169,8331
4/17/14,PA0270,7936
6/10/14,PA0678,7052
2/27/14,PA0732,7738
2/27/14,PA0368,3478
3/8/14,PA0745,2112
9/3/14,PA0354,3402
3/20/14,PA0619,7491
2/9/14,PA0308,9232
12/8/14,PA0467,7015
4/16/14,PA0619,9164
9/19/14,PA0900,9759
3/6/14,PA0352,2977
9/8/14,PA0745,7150
3/26/14,PA0411,249
5/31/14,PA0543,4445
9/16/14,PA0527,6263
3/18/14,PA0543,7747
9/6/14,PA0973,260
6/14/14,PA0745,10419
6/14/14,PA0830,5874
7/30/14,PA0470,6910
2/1/14,PA0552,381
11/18/14,PA0258,6490
12/7/14,PA0843,6959
9/25/14,PA0973,9677
9/8/14,PA0198,6652
2/4/14,PA0900,171
4/27/14,PA0202,11054
2/2/14,PA0126,4592
3/31/14,PA0527,5965
1/7/14,PA0270,79
2/16/14,PA0696,1843
11/10/14,PA0057,9120
9/24/14,PA0678,1093
8/14/14,PA0751,7144
7/13/14,PA0843,4539
7/4/14,PA0174,3581
3/1/14,PA0474,7652
9/13/14,PA0552,5630
12/30/14,PA0577,4933
7/24/14,PA0470,11790
2/27/14,PA0338,NA
7/30/14,PA0308,2949
2/28/14,PA0552,11357
5/30/14,PA0174,783
11/26/14,PA0619,4722
1/9/14,PA0198,4179
7/29/14,PA0923,8042
7/10/14,PA0169,2445
4/7/14,PA0202,2604
2/5/14,PA0308,6337
5/16/14,PA0338,1053
4/13/14,PA0973,2199
9/17/14,PA0552,5990
8/4/14,PA0534,7901
1/12/14,PA0368,999
6/1/14,PA0745,1255
12/7/14,PA0308,10736
9/22/14,PA0552,11342
8/27/14,PA0411,2032
2/26/14,PA0873,10870
3/12/14,PA0534,11959
12/5/14,PA0745,9320
10/15/14,PA0526,2236
3/28/14,PA0174,1779
6/7/14,PA0057,4968
11/22/14,PA0792,7212
11/17/14,PA0057,7647
9/29/14,PA0352,78
6/11/14,PA0808,7310
5/19/14,PA0482,6695
12/30/14,PA0830,3204
10/24/14,PA0752,2471
7/31/14,PA0308,10984
12/27/14,PA0169,911
5/8/14,PA0672,8299
7/16/14,PA0923,7026
9/28/14,PA0411,7535
11/27/14,PA0470,4342
2/12/14,PA0577,3029
9/10/14,PA0751,2434
11/27/14,PA0745,11043
9/17/14,PA0368,8380
2/2/14,PA0534,6274
2/17/14,PA0174,8197
11/13/14,PA0792,10394
6/10/14,PA0873,413
1/28/14,PA0752,7904
3/1/14,PA0859,4798
7/16/14,PA0672,10870
12/16/14,PA0394,669
7/17/14,PA0526,6547
9/6/14,PA0354,5594
8/26/14,PA0198,2768
6/15/14,PA0467,2803
11/6/14,PA0467,1634
8/22/14,PA0394,1965
1/4/14,PA0534,11719
2/22/14,PA0258,8528
11/21/14,PA0270,1760
3/10/14,PA0752,1403
4/12/14,PA0482,3707
3/23/14,PA0526,6339
8/13/14,PA0732,8004
8/12/14,PA0474,10235
11/28/14,PA0526,11944
5/5/14,PA0318,1502
1/17/14,PA0470,7369
12/2/14,PA0293,4180
12/8/14,PA0792,10584
8/30/14,PA0792,10525
8/27/14,PA0958,3947
7/14/14,PA0808,384
2/6/14,PA0308,818
9/28/14,PA0732,759
7/27/14,PA0678,266
8/8/14,PA0368,1592
6/16/14,PA0696,2268
8/15/14,PA0354,9577
1/24/14,PA0338,1996
4/4/14,PA0202,11643
8/5/14,PA0293,1886
4/11/14,PA0923,3931
10/21/14,PA0057,11597
6/27/14,PA0293,6636
8/6/14,PA0732,8695
9/8/14,PA0900,11976
5/29/14,PA0526,9759
11/25/14,PA0394,850
6/10/14,PA0354,5928
7/25/14,PA0270,11098
11/9/14,PA0696,845
4/22/14,PA0577,6358
2/15/14,PA0308,9966
1/14/14,PA0923,11
9/15/14,PA0482,10675
6/29/14,PA0174,6536
1/29/14,PA0808,4708
7/31/14,PA0751,5637
12/2/14,PA0552,4662
5/7/14,PA0900,1602
5/24/14,PA0270,597
2/22/14,PA0411,3262
5/3/14,PA0678,8279
4/18/14,PA0338,11006
12/6/14,PA0126,8614
5/29/14,PA0659,10208
9/23/14,PA0411,9502
6/30/14,PA0474,9056
7/9/14,PA0672,7371
2/5/14,PA0973,9350
1/29/14,PA0659,2039
5/30/14,PA0678,11992
9/30/14,PA0526,1667
4/19/14,PA0952,8861
7/3/14,PA0543,8188
9/23/14,PA0732,5144
1/6/14,PA0923,6458
9/19/14,PA0482,9302
8/14/14,PA0198,10273
2/1/14,PA0745,2619
7/13/14,PA0552,11620
4/5/14,PA0830,10472
4/23/14,PA0270,11211
1/13/14,PA0732,6336
3/6/14,PA0057,9508
12/8/14,PA0696,828
1/22/14,PA0258,7393
7/3/14,PA0696,9956
8/6/14,PA0952,1500
8/19/14,PA0338,5181
10/30/14,PA0534,10327
9/29/14,PA0174,9554
4/10/14,PA0873,951
9/22/14,PA0672,2671
11/20/14,PA0470,10112
5/2/14,PA0270,11133
9/10/14,PA0792,6966
1/13/14,PA0900,10462
11/2/14,PA0745,469
3/15/14,PA0258,1482
6/11/14,PA0958,766
11/19/14,PA0174,10230
7/4/14,PA0293,11991
8/12/14,PA0169,8061
11/24/14,PA0952,4278
7/14/14,PA0752,8500
3/9/14,PA0202,2308
12/9/14,PA0293,7547
4/8/14,PA0607,3963
12/12/14,PA0526,9258
7/26/14,PA0751,4924
10/16/14,PA0293,2045
5/11/14,PA0659,5019
4/14/14,PA0745,1794
3/5/14,PA0470,3354
8/15/14,PA0900,9553
4/12/14,PA0534,10262
2/19/14,PA0958,3450
3/7/14,PA0526,4595
12/19/14,PA0169,9840
1/11/14,PA0900,941
2/16/14,PA0258,6404
6/19/14,PA0792,9959
11/3/14,PA0270,5450
4/18/14,PA0527,8797
9/27/14,PA0619,3106
9/6/14,PA0672,11810
5/23/14,PA0752,2627
9/5/14,PA0732,11710
7/15/14,PA0168,3816
9/25/14,PA0696,7103
10/28/14,PA0258,1969
4/5/14,PA0338,8228
2/20/14,PA0534,1362
4/13/14,PA0126,5623
8/22/14,PA0467,6476
2/7/14,PA0411,5538
4/19/14,PA0619,1013
11/29/14,PA0792,4603
10/16/14,PA0202,238
1/10/14,PA0745,3377
11/14/14,PA0678,7320
2/1/14,PA0534,7366
7/23/14,PA0859,10796
9/1/14,PA0474,7057
9/25/14,PA0277,1777
6/24/14,PA0659,10296
5/6/14,PA0394,11833
1/10/14,PA0270,1266
6/29/14,PA0293,6582
7/8/14,PA0923,9148
11/22/14,PA0394,1458
5/6/14,PA0751,80
11/7/14,PA0577,10705
9/19/14,PA0277,6329
12/21/14,PA0198,3961
7/24/14,PA0168,7531
2/28/14,PA0808,10287
5/15/14,PA0745,1280
4/16/14,PA0607,3016
5/3/14,PA0745,6044
9/25/14,PA0126,11765
10/5/14,PA0258,7559
9/27/14,PA0678,9646
10/19/14,PA0527,4602
12/29/14,PA0168,1605
11/1/14,PA0923,9193
12/24/14,PA0527,9389
9/13/14,PA0354,5769
8/23/14,PA0258,3624
7/7/14,PA0470,1928
7/30/14,PA0678,3519
8/25/14,PA0843,5196
8/22/14,PA0696,10344
1/16/14,PA0732,3761
3/20/14,PA0607,7307
3/2/14,PA0411,4697
2/6/14,PA0952,861
12/21/14,PA0958,1862
8/6/14,PA0672,2857
6/17/14,PA0577,11431
12/16/14,PA0474,2313
8/4/14,PA0270,2189
9/29/14,PA0368,6166
1/6/14,PA0482,2697
10/19/14,PA0411,4585
8/16/14,PA0352,3193
6/19/14,PA0202,9355
2/26/14,PA0258,11803
5/21/14,PA0843,368
9/1/14,PA0277,5487
11/8/14,PA0873,4454
9/8/14,PA0543,231
8/27/14,PA0619,5789
4/30/14,PA0873,7617
4/19/14,PA0678,2193
8/14/14,PA0923,5460
7/5/14,PA0352,9681
4/23/14,PA0470,5459
6/16/14,PA0873,9752
10/3/14,PA0368,743
4/2/14,PA0277,10414
5/10/14,PA0619,3472
1/21/14,PA0900,10926
4/11/14,PA0174,6830
6/2/14,PA0543,1760
8/17/14,PA0952,7360
11/10/14,PA0169,2704
5/17/14,PA0607,5150
1/27/14,PA0732,8965
6/10/14,PA0843,640
7/12/14,PA0338,3140
12/7/14,PA0482,6811
7/1/14,PA0732,2329
7/3/14,PA0174,4704
3/18/14,PA0732,3731
3/23/14,PA0752,745
10/3/14,PA0619,9373
12/18/14,PA0751,5046
7/23/14,PA0900,8038
12/25/14,PA0752,10643
7/2/14,PA0202,8257
3/4/14,PA0751,10898
2/22/14,PA0308,3455
10/24/14,PA0873,9473
7/15/14,PA0474,7170
6/8/14,PA0923,10162
7/18/14,PA0198,5300
8/21/14,PA0169,5797
5/26/14,PA0411,7667
8/13/14,PA0368,5736
11/17/14,PA0577,5467
4/10/14,PA0607,8079
7/13/14,PA0745,9147
9/20/14,PA0318,4265
5/17/14,PA0526,397
4/22/14,PA0527,8594
2/13/14,PA0169,9687
11/24/14,PA0126,6445
12/13/14,PA0174,1368
2/4/14,PA0543,8858
12/14/14,PA0672,2601
11/27/14,PA0198,6897
9/14/14,PA0527,7812
9/10/14,PA0534,2794
1/16/14,PA0308,8465
9/10/14,PA0338,8230
7/24/14,PA0202,11122
10/28/14,PA0394,4382
5/15/14,PA0411,3826
6/30/14,PA0394,7704
9/4/14,PA0534,2171
12/20/14,PA0474,6893
12/18/14,PA0470,9136
4/11/14,PA0277,8273
4/4/14,PA0843,7982
4/14/14,PA0543,916
2/16/14,PA0277,8112
11/13/14,PA0526,1814
2/10/14,PA0952,4879
7/24/14,PA0126,154
8/12/14,PA0552,10078
8/25/14,PA0368,2874
5/18/14,PA0169,7255
11/7/14,PA0859,9877
2/7/14,PA0751,10972
9/27/14,PA0577,372
4/7/14,PA0482,1990
7/9/14,PA0958,10165
4/9/14,PA0169,9063
3/23/14,PA0277,4258
2/13/14,PA0318,10800
5/20/14,PA0202,7745
10/10/14,PA0270,2068
7/7/14,PA0659,5789
7/2/14,PA0923,6685
10/28/14,PA0467,1644
8/17/14,PA0923,727
12/28/14,PA0526,7916
3/31/14,PA0270,6525
6/4/14,PA0552,1782
10/12/14,PA0474,10649
9/23/14,PA0338,2030
11/8/14,PA0126,10706
4/14/14,PA0830,6626
1/25/14,PA0467,908
4/29/14,PA0338,1347
11/5/14,PA0258,899
1/1/14,PA0174,2598
12/21/14,PA0577,8662
1/29/14,PA0318,9491
4/8/14,PA0534,5057
11/19/14,PA0619,9751
12/18/14,PA0577,11353
12/5/14,PA0696,9546
11/25/14,PA0527,11997
5/8/14,PA0318,10293
11/9/14,PA0258,4628
10/9/14,PA0678,11010
1/6/14,PA0659,11169
9/14/14,PA0873,7104
5/19/14,PA0169,9783
10/5/14,PA0900,6275
4/3/14,PA0607,2505
12/4/14,PA0338,4406
11/3/14,PA0174,6666
11/16/14,PA0792,1537
5/31/14,PA0308,4284
8/15/14,PA0808,8467
5/19/14,PA0338,10314
7/11/14,PA0308,10987
10/5/14,PA0696,867
6/25/14,PA0169,6577
12/9/14,PA0830,10117
3/22/14,PA0482,11244
5/18/14,PA0270,3214
5/15/14,PA0952,8098
5/24/14,PA0318,10847
4/24/14,PA0808,7887
12/6/14,PA0752,4068
12/26/14,PA0577,9600
5/11/14,PA0198,8373
9/16/14,PA0470,3765
5/21/14,PA0198,2593
3/24/14,PA0482,10784
11/16/14,PA0577,9757
7/2/14,PA0678,7095
12/2/14,PA0526,6663
5/10/14,PA0534,5470
5/17/14,PA0318,490
6/25/14,PA0659,6579
3/29/14,PA0126,6885
8/30/14,PA0732,10889
9/26/14,PA0577,5514
12/8/14,PA0527,11972
3/9/14,PA0470,5717
6/8/14,PA0843,3823
4/1/14,PA0552,6196
8/8/14,PA0745,11988
3/24/14,PA0672,1
12/24/14,PA0338,7598
8/2/14,PA0923,4085
8/1/14,PA0873,3242
7/6/14,PA0318,3375
7/4/14,PA0467,9736
7/30/14,PA0293,11391
3/3/14,PA0859,8182
7/19/14,PA0732,3769
9/20/14,PA0678,6392
12/18/14,PA0354,8648
8/29/14,PA0958,7628
2/21/14,PA0732,10553
12/10/14,PA0277,6242
3/14/14,PA0808,6178
5/4/14,PA0873,8884
10/25/14,PA0843,3585
1/20/14,PA0958,1302
8/6/14,PA0830,6277
2/26/14,PA0958,9215
11/2/14,PA0308,1294
10/10/14,PA0352,5391
1/23/14,PA0174,2167
8/21/14,PA0368,9835
5/20/14,PA0659,2119
7/25/14,PA0126,6026
4/18/14,PA0672,5940
6/2/14,PA0057,6058
12/15/14,PA0900,4346
3/19/14,PA0527,1474
7/15/14,PA0169,8107
12/14/14,PA0678,4490
6/2/14,PA0843,8163
10/3/14,PA0308,9568
7/31/14,PA0619,3537
11/26/14,PA0277,5879
1/23/14,PA0577,9179
9/15/14,PA0394,10248
3/18/14,PA0792,3354
9/26/14,PA0659,2379
10/27/14,PA0202,9838
5/14/14,PA0830,2634
1/2/14,PA0752,4737
11/7/14,PA0745,10193
12/13/14,PA0534,402
2/3/14,PA0952,10047
1/21/14,PA0543,8125
6/6/14,PA0678,8946
5/4/14,PA0952,8290
3/31/14,PA0258,7904
3/21/14,PA0543,5233
2/21/14,PA0270,11289
12/31/14,PA0958,10568
10/18/14,PA0696,5456
6/19/14,PA0411,3327
3/30/14,PA0752,1023
1/20/14,PA0552,10741
3/14/14,PA0277,177
1/18/14,PA0270,10591
5/23/14,PA0543,4861
12/21/14,PA0619,2372
8/27/14,PA0277,10644
6/1/14,PA0277,2078
4/24/14,PA0352,701
5/4/14,PA0354,2149
11/19/14,PA0277,2357
6/24/14,PA0619,1993
8/8/14,PA0534,5764
3/10/14,PA0873,2496
2/13/14,PA0808,8298
3/4/14,PA0277,235
12/25/14,PA0308,10309
3/27/14,PA0830,140
1/10/14,PA0169,7061
2/10/14,PA0368,2584
3/25/14,PA0751,10576
2/5/14,PA0808,2601
10/28/14,PA0752,10029
1/2/14,PA0057,11002
12/28/14,PA0745,6350
5/16/14,PA0368,8561
7/5/14,PA0354,9669
9/18/14,PA0126,6459
8/12/14,PA0470,1564
11/21/14,PA0470,9346
1/1/14,PA0952,7857
7/3/14,PA0732,1921
5/17/14,PA0258,9731
5/4/14,PA0352,10237
11/18/14,PA0270,6279
10/20/14,PA0308,3168
2/5/14,PA0277,2661
5/4/14,PA0467,1086
3/5/14,PA0752,3541
9/21/14,PA0607,4228
8/17/14,PA0745,1377
2/24/14,PA0958,6597
3/30/14,PA0952,4849
9/27/14,PA0808,5097
1/8/14,PA0169,5626
3/15/14,PA0174,3581
10/8/14,PA0952,8180
2/26/14,PA0751,7282
2/25/14,PA0169,11414
12/5/14,PA0859,807
1/22/14,PA0808,1599
5/28/14,PA0057,7426
11/22/14,PA0672,867
1/14/14,PA0482,10249
2/16/14,PA0467,7532
7/12/14,PA0859,1157
6/29/14,PA0258,7588
11/28/14,PA0169,11805
11/29/14,PA0354,11828
12/28/14,PA0672,6934
5/13/14,PA0792,9371
6/15/14,PA0470,6348
12/9/14,PA0952,3310
10/9/14,PA0659,2083
8/31/14,PA0900,9721
12/14/14,PA0534,1497
4/14/14,PA0338,8395
1/22/14,PA0792,10213
7/27/14,PA0830,8284
8/7/14,PA0168,9037
1/31/14,PA0354,181
2/6/14,PA0859,9892
10/6/14,PA0659,2054
7/10/14,PA0792,11218
3/4/14,PA0198,9342
8/17/14,PA0467,4200
8/3/14,PA0752,4404
8/19/14,PA0923,7763
12/27/14,PA0900,7577
10/7/14,PA0526,705
11/17/14,PA0534,3442
9/20/14,PA0751,10597
9/10/14,PA0672,5045
6/16/14,PA0923,6461
10/15/14,PA0732,10240
9/5/14,PA0527,3761
12/26/14,PA0672,7250
2/10/14,PA0577,389
8/17/14,PA0843,6086
11/27/14,PA0808,10390
3/8/14,PA0900,6162
2/12/14,PA0958,5784
4/21/14,PA0952,5429
5/22/14,PA0354,7819
10/31/14,PA0752,8329
7/23/14,PA0526,NA
9/17/14,PA0394,7649
12/3/14,PA0619,9913
1/18/14,PA0543,16
3/17/14,PA0338,3277
9/11/14,PA0202,4224
1/8/14,PA0973,11208
7/12/14,PA0973,6561
2/11/14,PA0394,1211
3/20/14,PA0859,5419
4/10/14,PA0293,2370
2/25/14,PA0973,10561
10/30/14,PA0527,2102
11/5/14,PA0534,10874
8/30/14,PA0318,11058
2/13/14,PA0923,3530
9/7/14,PA0552,6710
3/27/14,PA0368,2583
4/7/14,PA0411,4704
11/3/14,PA0293,9483
3/16/14,PA0202,11287
6/7/14,PA0308,3974
3/1/14,PA0293,9804
1/19/14,PA0830,10206
6/17/14,PA0752,7250
11/2/14,PA0534,4658
6/15/14,PA0169,3165
3/8/14,PA0843,4074
11/16/14,PA0526,2538
5/26/14,PA0352,7642
2/27/14,PA0470,899
6/29/14,PA0952,9910
8/15/14,PA0270,1024
7/12/14,PA0659,6516
9/4/14,PA0752,7207
1/6/14,PA0467,9380
5/23/14,PA0830,4872
6/3/14,PA0270,NA
5/2/14,PA0859,5718
11/10/14,PA0470,5544
5/21/14,PA0467,6939
10/26/14,PA0751,3434
9/29/14,PA0467,9816
10/14/14,PA0973,11105
7/20/14,PA0923,732
4/15/14,PA0198,4569
10/8/14,PA0534,1100
4/15/14,PA0057,362
7/26/14,PA0169,7697
2/9/14,PA0792,4836
5/29/14,PA0973,9459
9/18/14,PA0308,8632
3/18/14,PA0607,5146
8/20/14,PA0607,6923
11/21/14,PA0411,920
10/3/14,PA0277,9652
6/26/14,PA0277,10196
11/2/14,PA0672,7505
11/23/14,PA0368,3056
9/19/14,PA0308,10165
8/29/14,PA0352,11952
2/13/14,PA0258,10748
5/5/14,PA0277,2113
6/28/14,PA0619,9843
2/12/14,PA0411,5555
1/9/14,PA0830,10183
9/30/14,PA0577,4512
6/13/14,PA0873,8249
3/16/14,PA0174,3088
5/18/14,PA0745,7992
6/8/14,PA0751,8697
8/26/14,PA0277,5388
9/23/14,PA0057,7811
1/2/14,PA0270,1401
2/12/14,PA0258,1593
10/12/14,PA0354,8566
2/15/14,PA0900,7790
10/10/14,PA0732,6633
2/10/14,PA0843,5263
7/22/14,PA0900,1423
3/22/14,PA0527,7881
6/3/14,PA0923,2580
6/19/14,PA0900,1132
9/12/14,PA0277,9117
2/25/14,PA0368,3180
3/23/14,PA0659,1865
8/6/14,PA0527,4813
10/16/14,PA0174,8549
6/15/14,PA0745,7096
9/13/14,PA0873,11989
8/27/14,PA0368,7274
7/17/14,PA0126,11547
6/27/14,PA0678,927
1/26/14,PA0552,4731
9/13/14,PA0659,5307
11/26/14,PA0470,7714
2/20/14,PA0732,1439
11/27/14,PA0792,9971
4/5/14,PA0354,5665
3/27/14,PA0411,5463
2/20/14,PA0168,2165
10/26/14,PA0607,8618
12/17/14,PA0354,5004
3/30/14,PA0958,4138
4/10/14,PA0792,8227
8/3/14,PA0659,8172
4/5/14,PA0923,1899
3/5/14,PA0552,3018
7/9/14,PA0354,1494
12/30/14,PA0202,7290
11/6/14,PA0198,7977
8/13/14,PA0202,10625
6/7/14,PA0168,8252
6/15/14,PA0126,10338
11/18/14,PA0672,8130
11/11/14,PA0607,NA
7/1/14,PA0843,7601
5/17/14,PA0678,517
11/12/14,PA0318,5018
8/17/14,PA0696,5565
6/23/14,PA0958,8652
11/18/14,PA0467,6098
10/1/14,PA0270,10976
10/22/14,PA0543,10420
6/16/14,PA0973,4338
2/19/14,PA0923,142
3/26/14,PA0198,9435
2/5/14,PA0318,651
7/27/14,PA0843,8135
10/15/14,PA0474,4555
5/2/14,PA0751,6873
11/30/14,PA0607,4862
8/8/14,PA0543,1613
9/26/14,PA0277,8284
5/12/14,PA0202,10292
2/4/14,PA0696,9913
1/3/14,PA0923,1248
7/10/14,PA0526,10947
4/28/14,PA0352,5432
12/24/14,PA0277,8690
3/23/14,PA0534,1220
6/13/14,PA0751,10269
2/27/14,PA0411,10697
7/6/14,PA0277,9332
10/8/14,PA0411,1205
6/3/14,PA0308,1277
3/27/14,PA0354,6898
6/18/14,PA0467,1409
7/18/14,PA0308,2493
8/9/14,PA0752,1953
10/22/14,PA0411,3459
4/19/14,PA0830,4966
2/23/14,PA0308,1568
3/6/14,PA0126,1188
2/15/14,PA0174,10004
3/17/14,PA0923,6662
11/9/14,PA0352,6581
1/6/14,PA0168,11834
2/22/14,PA0752,153
8/20/14,PA0318,7498
2/10/14,PA0394,4682
2/8/14,PA0672,161
6/23/14,PA0270,5378
4/6/14,PA0792,10444
5/18/14,PA0752,2352
8/22/14,PA0973,943
9/20/14,PA0958,10307
9/17/14,PA0411,3191
6/4/14,PA0900,8789
10/29/14,PA0338,5378
7/1/14,PA0352,3523
12/11/14,PA0394,8396
3/28/14,PA0659,11401
3/17/14,PA0258,3302
2/18/14,PA0308,3517
2/17/14,PA0474,8598
4/16/14,PA0482,9142
5/16/14,PA0482,1186
6/24/14,PA0352,11235
8/31/14,PA0745,6211
2/26/14,PA0745,9125
8/17/14,PA0394,5471
1/7/14,PA0534,8411
10/13/14,PA0732,9136
10/7/14,PA0174,3231
12/22/14,PA0394,2605
11/27/14,PA0952,10995
8/22/14,PA0543,5770
9/21/14,PA0745,5532
12/4/14,PA0973,7772
9/2/14,PA0958,10951
9/23/14,PA0527,10804
8/10/14,PA0923,7354
4/2/14,PA0534,9665
5/26/14,PA0607,6422
6/15/14,PA0732,8364
9/18/14,PA0958,2359
5/10/14,PA0552,9789
2/8/14,PA0467,742
5/15/14,PA0470,7264
1/30/14,PA0672,4280
8/23/14,PA0394,757
4/15/14,PA0270,8723
11/2/14,PA0696,955
6/8/14,PA0467,9334
6/13/14,PA0126,6644
7/5/14,PA0474,3544
11/11/14,PA0474,5629
3/17/14,PA0672,11111
3/26/14,PA0293,9338
7/8/14,PA0659,10180
6/14/14,PA0174,3950
1/29/14,PA0470,2146
9/27/14,PA0952,7880
3/11/14,PA0482,7051
12/1/14,PA0552,1748
1/2/14,PA0338,3576
9/9/14,PA0808,11791
3/8/14,PA0672,7344
1/29/14,PA0792,9843
12/30/14,PA0482,10707
7/1/14,PA0169,6506
11/4/14,PA0577,2990
4/2/14,PA0543,5286
9/27/14,PA0308,5033
4/13/14,PA0900,5490
11/28/14,PA0973,3849
8/29/14,PA0270,9736
10/17/14,PA0270,3230
2/5/14,PA0552,10182
8/28/14,PA0607,5366
10/26/14,PA0293,8604
12/5/14,PA0168,6313
12/27/14,PA0543,10048
7/17/14,PA0672,1421
8/31/14,PA0474,9914
1/14/14,PA0577,10112
4/4/14,PA0751,2915
10/6/14,PA0526,6063
1/12/14,PA0830,3477
1/31/14,PA0057,5645
1/9/14,PA0174,2640
1/11/14,PA0552,9447
10/4/14,PA0973,8667
3/18/14,PA0126,2744
4/12/14,PA0543,2995
8/3/14,PA0368,9300
12/1/14,PA0198,7391
3/23/14,PA0696,6145
4/7/14,PA0198,7543
10/17/14,PA0900,NA
8/11/14,PA0482,6448
2/16/14,PA0752,3973
9/20/14,PA0659,5957
3/25/14,PA0577,10259
12/13/14,PA0470,2179
11/8/14,PA0952,5959
3/20/14,PA0277,3410
12/21/14,PA0174,2595
12/11/14,PA0169,7979
6/20/14,PA0678,6706
7/11/14,PA0543,2037
4/23/14,PA0732,10283
1/23/14,PA0534,4203
3/8/14,PA0467,2582
5/30/14,PA0543,6334
10/14/14,PA0354,9829
1/19/14,PA0354,5116
4/11/14,PA0873,10694
9/6/14,PA0859,8875
5/7/14,PA0745,4795
10/6/14,PA0198,5156
9/26/14,PA0751,7505
3/1/14,PA0277,5835
9/27/14,PA0270,3331
1/9/14,PA0534,7279
2/26/14,PA0174,2844
8/3/14,PA0543,1628
7/15/14,PA0808,1596
1/30/14,PA0808,7932
8/13/14,PA0751,8382
12/11/14,PA0958,9626
7/13/14,PA0543,11249
3/26/14,PA0354,5089
7/14/14,PA0526,2289
1/13/14,PA0258,4025
4/2/14,PA0958,359
4/9/14,PA0696,6685
1/30/14,PA0308,11905
2/23/14,PA0732,8332
2/4/14,PA0277,10396
8/2/14,PA0352,8598
4/19/14,PA0577,7804
8/1/14,PA0534,NA
2/11/14,PA0169,11961
3/4/14,PA0952,7829
2/9/14,PA0808,4220
2/24/14,PA0751,10976
1/12/14,PA0126,3406
12/29/14,PA0411,3985
1/5/14,PA0126,6598
7/30/14,PA0352,6467
8/19/14,PA0672,71
12/2/14,PA0394,4224
7/24/14,PA0745,6032
5/9/14,PA0873,58
1/25/14,PA0696,2511
3/30/14,PA0198,9213
3/16/14,PA0952,9014
2/2/14,PA0482,2342
12/24/14,PA0900,5076
9/24/14,PA0368,3995
9/13/14,PA0467,862
4/23/14,PA0808,1466
3/9/14,PA0843,10826
3/18/14,PA0527,9838
1/16/14,PA0354,9887
11/18/14,PA0474,8041
12/27/14,PA0198,10271
11/21/14,PA0751,10270
11/22/14,PA0270,7562
9/17/14,PA0467,8889
10/29/14,PA0873,5481
8/3/14,PA0958,2916
9/22/14,PA0830,418
8/20/14,PA0411,8347
5/30/14,PA0792,2791
12/15/14,PA0338,682
11/9/14,PA0470,532
11/23/14,PA0873,3161
4/22/14,PA0659,10874
2/24/14,PA0277,7808
10/3/14,PA0552,11306
10/12/14,PA0672,6719
6/10/14,PA0174,5575
1/16/14,PA0552,7808
2/3/14,PA0543,3424
9/12/14,PA0659,7716
8/28/14,PA0792,6287
8/26/14,PA0659,8363
12/15/14,PA0308,6604
8/11/14,PA0958,10756
7/28/14,PA0607,4344
2/5/14,PA0198,1727
9/22/14,PA0958,6916
3/30/14,PA0474,3241
10/26/14,PA0752,7597
12/19/14,PA0318,9376
6/3/14,PA0552,11781
4/14/14,PA0270,4000
6/17/14,PA0958,6424
9/24/14,PA0577,2375
1/3/14,PA0830,8895
9/4/14,PA0057,6107
6/24/14,PA0958,3113
3/6/14,PA0607,1727
4/7/14,PA0900,10372
4/29/14,PA0752,7766
2/8/14,PA0859,362
7/22/14,PA0169,9646
5/22/14,PA0470,6354
3/28/14,PA0958,697
7/3/14,PA0057,2882
4/18/14,PA0534,2434
1/2/14,PA0534,1251
3/11/14,PA0732,5257
9/16/14,PA0202,4476
6/23/14,PA0352,5956
4/30/14,PA0057,1117
10/4/14,PA0527,8409
4/17/14,PA0552,2697
7/26/14,PA0482,701
2/22/14,PA0543,8345
8/13/14,PA0411,8350
6/5/14,PA0352,5389
3/26/14,PA0258,1812
5/28/14,PA0672,5692
7/27/14,PA0202,11142
2/14/14,PA0752,7326
9/11/14,PA0352,10047
7/31/14,PA0174,8246
4/7/14,PA0308,10802
9/9/14,PA0543,3731
11/15/14,PA0168,1836
10/4/14,PA0619,3217
1/1/14,PA0752,9277
11/7/14,PA0277,4423
12/31/14,PA0368,2315
4/23/14,PA0168,9209
6/28/14,PA0338,6675
7/1/14,PA0577,8008
7/28/14,PA0277,6983
6/1/14,PA0873,6060
10/18/14,PA0174,585
12/20/14,PA0751,10129
12/27/14,PA0474,11261
3/16/14,PA0752,6226
6/2/14,PA0318,134
4/9/14,PA0198,9783
12/1/14,PA0338,11873
2/19/14,PA0952,4334
6/25/14,PA0843,5269
10/30/14,PA0394,7012
1/21/14,PA0923,6024
5/4/14,PA0168,2912
3/19/14,PA0169,10679
2/10/14,PA0534,2353
11/11/14,PA0470,10650
8/23/14,PA0672,10741
1/4/14,PA0973,3095
2/28/14,PA0368,6376
1/29/14,PA0859,5665
5/1/14,PA0352,10096
4/27/14,PA0308,8749
12/29/14,PA0258,9529
5/17/14,PA0923,158
5/22/14,PA0732,11969
8/12/14,PA0168,4935
11/30/14,PA0293,4103
9/25/14,PA0527,1131
7/26/14,PA0619,11431
1/14/14,PA0258,764
1/15/14,PA0354,10883
12/19/14,PA0308,7095
6/10/14,PA0552,21
4/25/14,PA0411,722
11/1/14,PA0174,2006
4/30/14,PA0526,9350
8/8/14,PA0527,7122
9/10/14,PA0352,4342
6/11/14,PA0474,11495
1/16/14,PA0126,10330
5/5/14,PA0619,7365
3/22/14,PA0270,659
3/15/14,PA0696,2086
11/24/14,PA0678,8361
4/22/14,PA0732,7810
8/13/14,PA0354,6370
12/6/14,PA0923,1257
2/5/14,PA0474,11377
9/9/14,PA0202,10442
7/16/14,PA0202,1016
4/4/14,PA0900,4742
5/16/14,PA0258,5994
5/5/14,PA0678,944
3/10/14,PA0678,5312
10/31/14,PA0659,5031
8/16/14,PA0258,1266
6/26/14,PA0923,1317
11/19/14,PA0923,7838
7/31/14,PA0607,7293
9/5/14,PA0202,3283
10/3/14,PA0900,5134
3/10/14,PA0843,7112
5/14/14,PA0169,7804
8/27/14,PA0470,1569
4/30/14,PA0923,3321
8/22/14,PA0527,11376
8/17/14,PA0859,11548
8/1/14,PA0338,11223
3/3/14,PA0752,2261
8/7/14,PA0411,6099
4/26/14,PA0354,4491
1/26/14,PA0534,1001
4/24/14,PA0126,9053
4/1/14,PA0467,8607
8/6/14,PA0678,11326
6/4/14,PA0751,1984
8/9/14,PA0973,10626
6/6/14,PA0577,11631
6/19/14,PA0830,4053
12/20/14,PA0859,9076
7/30/14,PA0277,4709
5/30/14,PA0732,3946
12/28/14,PA0474,4225
10/6/14,PA0752,6580
3/29/14,PA0843,2172
5/14/14,PA0607,3423
6/13/14,PA0952,1740
1/10/14,PA0527,3775
2/18/14,PA0577,10840
12/12/14,PA0352,4880
8/23/14,PA0526,8033
6/10/14,PA0859,3837
10/5/14,PA0482,7602
4/24/14,PA0873,10434
6/12/14,PA0843,11109
3/2/14,PA0126,3896
10/11/14,PA0552,1583
11/16/14,PA0368,5548
2/23/14,PA0696,10062
7/18/14,PA0169,8752
9/30/14,PA0843,11975
9/30/14,PA0752,6766
2/2/14,PA0577,NA
6/11/14,PA0527,11361
1/7/14,PA0526,6457
5/7/14,PA0607,9456
8/5/14,PA0830,4243
4/18/14,PA0270,4379
11/16/14,PA0843,11653
12/20/14,PA0808,691
1/31/14,PA0482,10665
2/24/14,PA0752,7
3/6/14,PA0308,7100
5/13/14,PA0308,680
2/24/14,PA0619,1896
9/18/14,PA0543,3882
4/18/14,PA0354,2168
4/2/14,PA0126,9195
1/26/14,PA0057,6416
4/30/14,PA0169,9383
3/7/14,PA0354,1716
9/26/14,PA0958,7959
3/9/14,PA0900,11906
7/12/14,PA0258,9495
10/24/14,PA0168,495
1/17/14,PA0672,1415
12/6/14,PA0659,10759
1/4/14,PA0543,4890
12/16/14,PA0843,6559
2/12/14,PA0168,4568
12/31/14,PA0169,4452
4/28/14,PA0338,3759
1/25/14,PA0270,4704
7/29/14,PA0830,7951
5/4/14,PA0198,304
7/27/14,PA0952,6457
12/3/14,PA0659,3838
3/27/14,PA0126,9496
3/31/14,PA0470,6662
5/18/14,PA0923,7201
11/17/14,PA0526,5011
9/24/14,PA0607,11298
5/26/14,PA0467,8367
8/2/14,PA0792,7074
12/27/14,PA0745,4012
8/4/14,PA0543,10657
11/15/14,PA0482,11716
5/8/14,PA0792,10025
6/17/14,PA0470,9676
6/24/14,PA0368,6495
1/9/14,PA0318,3330
7/30/14,PA0526,3876
5/8/14,PA0534,7905
1/21/14,PA0482,218
2/6/14,PA0751,11502
7/24/14,PA0270,1610
9/18/14,PA0792,1689
11/28/14,PA0411,3173
5/27/14,PA0607,655
8/20/14,PA0672,4288
2/8/14,PA0368,9088
4/17/14,PA0859,1717
6/14/14,PA0202,7663
11/1/14,PA0732,4426
12/2/14,PA0198,11311
11/14/14,PA0277,6112
2/26/14,PA0202,1418
7/27/14,PA0534,1579
1/28/14,PA0526,5818
5/11/14,PA0308,11828
7/1/14,PA0526,418
12/10/14,PA0198,1701
8/28/14,PA0277,2162
10/6/14,PA0467,3032
6/8/14,PA0534,8498
12/19/14,PA0126,9351
4/18/14,PA0526,421
4/20/14,PA0534,5832
2/17/14,PA0751,7420
7/20/14,PA0808,1249
10/10/14,PA0792,7849
10/5/14,PA0830,11287
9/8/14,PA0577,5948
4/17/14,PA0534,2982
8/31/14,PA0368,10681
2/16/14,PA0952,2445
10/9/14,PA0368,787
12/25/14,PA0607,10220
12/12/14,PA0552,5203
9/14/14,PA0607,11811
8/6/14,PA0900,8977
2/25/14,PA0543,5968
11/7/14,PA0672,7838
3/14/14,PA0619,5407
1/21/14,PA0619,7159
7/12/14,PA0352,349
12/24/14,PA0830,5296
2/18/14,PA0277,10169
10/1/14,PA0952,11060
9/21/14,PA0952,5097
6/27/14,PA0607,5872
1/19/14,PA0368,2774
4/7/14,PA0973,10788
10/27/14,PA0873,2871
9/11/14,PA0808,1733
8/3/14,PA0467,2206
9/12/14,PA0168,7530
10/8/14,PA0169,6569
4/6/14,PA0873,10258
8/15/14,PA0843,5183
4/24/14,PA0474,3252
8/5/14,PA0923,1493
2/3/14,PA0672,10433
3/8/14,PA0527,1877
6/23/14,PA0482,6138
6/19/14,PA0198,7787
8/2/14,PA0873,9141
10/21/14,PA0607,6696
12/17/14,PA0696,6291
10/20/14,PA0526,1107
1/17/14,PA0577,5633
5/27/14,PA0352,5396
6/21/14,PA0169,7527
9/26/14,PA0526,3118
1/13/14,PA0751,3019
8/21/14,PA0202,2972
9/12/14,PA0696,10295
6/16/14,PA0198,9502
2/23/14,PA0474,2101
12/27/14,PA0952,7598
8/26/14,PA0607,5161
10/2/14,PA0830,5893
3/31/14,PA0696,8703
10/19/14,PA0270,4744
6/26/14,PA0900,8825
12/17/14,PA0202,10089
1/7/14,PA0277,3150
10/12/14,PA0900,1483
2/7/14,PA0526,6304
8/9/14,PA0732,6223
7/25/14,PA0952,7653
9/12/14,PA0482,2533
9/8/14,PA0318,9951
6/22/14,PA0958,161
3/17/14,PA0808,6364
1/8/14,PA0308,558
4/1/14,PA0619,1766
7/11/14,PA0873,9022
7/18/14,PA0126,7838
7/16/14,PA0873,2203
6/13/14,PA0258,6296
2/27/14,PA0808,7564
4/6/14,PA0352,10368
12/12/14,PA0952,8548
10/24/14,PA0619,687
1/11/14,PA0958,6557
11/10/14,PA0474,10006
7/20/14,PA0958,5008
10/20/14,PA0830,7460
3/4/14,PA0752,2159
5/24/14,PA0973,5798
8/23/14,PA0543,5290
8/12/14,PA0534,9334
7/19/14,PA0534,2007
10/6/14,PA0543,5523
8/23/14,PA0352,7839
6/23/14,PA0678,3660
7/31/14,PA0543,2328
6/28/14,PA0174,9388
5/24/14,PA0411,5765
5/3/14,PA0543,9431
11/11/14,PA0168,10267
7/18/14,PA0368,3572
4/9/14,PA0470,5240
8/8/14,PA0293,6399
7/12/14,PA0732,2973
4/10/14,PA0308,7981
11/7/14,PA0973,10160
1/6/14,PA0678,5312
5/21/14,PA0352,11677
5/22/14,PA0057,517
7/6/14,PA0732,160
11/19/14,PA0672,3890
3/21/14,PA0830,6172
2/19/14,PA0973,11306
7/27/14,PA0792,5013
8/15/14,PA0923,7793
12/21/14,PA0467,11643
4/28/14,PA0169,838
6/23/14,PA0808,7805
10/9/14,PA0168,8465
7/8/14,PA0126,4328
5/30/14,PA0751,900
4/20/14,PA0368,6461
10/1/14,PA0352,5809
1/20/14,PA0270,11775
10/2/14,PA0552,10861
9/16/14,PA0174,3332
1/17/14,PA0526,11623
7/5/14,PA0607,5045
9/21/14,PA0368,1289
9/5/14,PA0752,695
9/23/14,PA0859,4248
2/8/14,PA0808,7136
11/24/14,PA0411,9908
10/24/14,PA0169,1943
12/10/14,PA0859,5717
4/26/14,PA0678,11682
7/16/14,PA0338,2810
9/19/14,PA0534,8808
3/13/14,PA0678,5061
2/14/14,PA0859,6498
5/12/14,PA0678,1565
3/1/14,PA0792,11354
8/22/14,PA0198,5979
8/28/14,PA0577,10837
9/6/14,PA0174,5140
9/19/14,PA0526,3132
4/6/14,PA0368,3425
5/4/14,PA0830,249
4/25/14,PA0277,NA
11/5/14,PA0352,10369
6/19/14,PA0543,8337
7/19/14,PA0577,11476
1/28/14,PA0169,3602
1/27/14,PA0900,1315
10/22/14,PA0973,1369
7/10/14,PA0198,10583
6/21/14,PA0619,6306
8/17/14,PA0552,9627
9/3/14,PA0952,7472
8/21/14,PA0672,2227
11/4/14,PA0923,6778
7/23/14,PA0808,8649
7/17/14,PA0352,2888
9/28/14,PA0552,9635
9/3/14,PA0751,7080
10/14/14,PA0873,11995
10/4/14,PA0308,5264
5/25/14,PA0354,1088
3/19/14,PA0873,6622
7/21/14,PA0952,2001
9/25/14,PA0619,9123
9/21/14,PA0308,5441
5/13/14,PA0352,10372
12/21/14,PA0277,3836
5/19/14,PA0659,2068
12/19/14,PA0952,947
9/16/14,PA0745,9799
7/12/14,PA0168,2100
4/29/14,PA0057,11161
6/28/14,PA0258,5026
8/7/14,PA0659,10998
9/22/14,PA0057,5454
1/20/14,PA0126,9495
10/9/14,PA0923,5888
3/10/14,PA0526,9257
8/19/14,PA0270,7995
2/25/14,PA0808,3080
9/24/14,PA0169,10865
3/25/14,PA0394,1754
12/29/14,PA0792,8971
5/11/14,PA0577,11182
4/26/14,PA0830,5110
2/20/14,PA0958,7196
10/6/14,PA0482,3897
9/11/14,PA0577,7057
3/11/14,PA0202,4386
7/23/14,PA0270,6734
10/26/14,PA0308,6008
9/24/14,PA0526,2082
9/16/14,PA0923,6494
2/6/14,PA0973,444
10/21/14,PA0696,6174
11/9/14,PA0923,8069
4/17/14,PA0843,11482
4/20/14,PA0873,1457
1/21/14,PA0277,5441
1/2/14,PA0577,4418
5/11/14,PA0126,9207
6/15/14,PA0900,9853
11/8/14,PA0678,11476
1/3/14,PA0672,7509
2/5/14,PA0057,8345
2/5/14,PA0126,10620
10/22/14,PA0859,3096
7/18/14,PA0470,3349
9/21/14,PA0168,6109
8/31/14,PA0354,NA
1/3/14,PA0678,1160
7/26/14,PA0607,342
8/21/14,PA0973,6508
5/26/14,PA0732,3776
9/25/14,PA0534,7245
12/21/14,PA0923,7263
8/14/14,PA0202,5514
8/1/14,PA0474,5151
10/8/14,PA0792,7118
6/6/14,PA0543,7009
1/8/14,PA0527,3418
11/6/14,PA0619,4391
8/23/14,PA0168,3358
9/4/14,PA0293,3438
10/14/14,PA0830,2604
10/11/14,PA0732,9180
1/15/14,PA0470,6868
11/17/14,PA0900,4148
5/31/14,PA0873,6155
7/21/14,PA0552,7396
12/2/14,PA0607,10012
10/28/14,PA0057,6156
9/9/14,PA0168,7227
10/19/14,PA0607,1476
2/2/14,PA0900,3470
7/1/14,PA0543,8976
5/3/14,PA0619,7138
6/15/14,PA0577,765
9/23/14,PA0552,8693
8/12/14,PA0859,4395
2/14/14,PA0470,NA
12/29/14,PA0318,5974
12/9/14,PA0973,10943
12/21/14,PA0752,2138
6/27/14,PA0308,295
10/7/14,PA0619,11318
12/2/14,PA0923,168
12/9/14,PA0368,157
11/3/14,PA0308,7049
6/5/14,PA0672,2425
12/26/14,PA0352,10516
11/6/14,PA0752,3401
9/23/14,PA0607,6798
2/18/14,PA0394,271
5/27/14,PA0732,3077
6/19/14,PA0482,963
5/23/14,PA0696,11268
5/15/14,PA0619,3092
10/17/14,PA0577,8417
9/4/14,PA0577,10279
1/1/14,PA0745,6874
12/7/14,PA0270,7780
8/1/14,PA0792,3961
6/30/14,PA0607,10361
1/19/14,PA0174,5485
8/5/14,PA0952,1480
5/23/14,PA0470,10116
2/8/14,PA0607,10219
10/15/14,PA0672,11400
6/9/14,PA0169,9456
3/6/14,PA0923,11687
7/15/14,PA0843,11556
4/4/14,PA0168,4171
8/17/14,PA0751,4405
1/29/14,PA0607,4939
4/12/14,PA0745,1281
3/25/14,PA0470,6640
7/4/14,PA0952,5943
12/4/14,PA0672,4328
6/22/14,PA0308,5849
12/26/14,PA0474,11495
4/22/14,PA0552,8441
3/3/14,PA0202,3240
5/19/14,PA0277,6994
11/9/14,PA0169,3087
4/10/14,PA0470,11633
8/19/14,PA0470,11338
6/1/14,PA0732,3800
8/25/14,PA0470,3313
11/1/14,PA0808,164
1/29/14,PA0678,5775
5/19/14,PA0873,10398
4/18/14,PA0394,8836
8/30/14,PA0394,7976
5/31/14,PA0338,8368
8/2/14,PA0973,5233
11/2/14,PA0732,826
8/2/14,PA0126,10252
2/9/14,PA0198,11511
8/18/14,PA0169,5743
8/20/14,PA0923,6408
10/25/14,PA0277,8678
3/22/14,PA0394,8886
1/7/14,PA0169,6227
7/30/14,PA0482,721
3/23/14,PA0368,11422
8/5/14,PA0745,303
7/13/14,PA0696,5860
7/17/14,PA0859,4452
9/21/14,PA0534,1300
4/7/14,PA0352,10969
5/19/14,PA0470,1464
8/26/14,PA0467,1128
5/24/14,PA0467,2721
8/21/14,PA0527,9417
5/7/14,PA0169,3818
8/22/14,PA0672,6865
11/5/14,PA0174,11832
12/18/14,PA0467,9155
4/14/14,PA0482,7147
7/14/14,PA0354,8785
1/25/14,PA0873,1752
8/23/14,PA0277,1612
2/21/14,PA0672,7001
5/28/14,PA0873,3218
8/20/14,PA0752,9016
12/31/14,PA0352,4404
9/2/14,PA0202,8356
11/23/14,PA0394,3844
3/15/14,PA0482,8780
3/30/14,PA0270,1729
8/11/14,PA0808,116
3/13/14,PA0174,10799
1/6/14,PA0411,11442
2/14/14,PA0482,11038
11/7/14,PA0258,2445
11/3/14,PA0745,401
8/5/14,PA0352,6219
6/13/14,PA0526,11655
8/29/14,PA0792,9001
3/21/14,PA0168,7131
9/28/14,PA0973,1162
1/9/14,PA0607,5812
7/20/14,PA0198,1398
5/19/14,PA0577,7292
1/5/14,PA0270,8577
1/3/14,PA0527,4446
3/13/14,PA0732,7745
12/23/14,PA0277,11548
10/5/14,PA0470,6370
11/12/14,PA0168,7204
12/9/14,PA0958,9181
5/12/14,PA0607,5773
1/30/14,PA0958,10403
6/8/14,PA0900,1082
6/14/14,PA0368,10806
1/31/14,PA0958,286
8/30/14,PA0126,7682
8/30/14,PA0470,7767
7/11/14,PA0169,4856
4/25/14,PA0792,9082
8/20/14,PA0859,1561
7/16/14,PA0293,5419
5/12/14,PA0270,881
4/24/14,PA0619,7340
1/29/14,PA0527,2709
6/30/14,PA0732,3577
7/6/14,PA0830,528
12/30/14,PA0732,3923
3/5/14,PA0318,5269
8/10/14,PA0277,844
2/1/14,PA0543,2689
7/28/14,PA0293,6391
1/31/14,PA0873,5165
11/6/14,PA0843,5727
12/26/14,PA0792,2289
11/29/14,PA0338,6995
9/13/14,PA0482,5753
6/18/14,PA0352,7365
6/22/14,PA0394,11431
6/11/14,PA0843,2789
4/28/14,PA0752,6589
3/2/14,PA0470,9175
9/5/14,PA0900,11541
4/13/14,PA0696,11451
9/25/14,PA0394,4876
7/5/14,PA0526,2945
4/25/14,PA0174,10044
10/8/14,PA0270,2783
12/19/14,PA0174,54
6/16/14,PA0474,7932
8/12/14,PA0057,7973
8/27/14,PA0126,3876
10/19/14,PA0482,3486
10/25/14,PA0958,7936
9/22/14,PA0527,11557
12/3/14,PA0843,4464
6/29/14,PA0751,4397
8/25/14,PA0543,2351
4/21/14,PA0659,82
10/14/14,PA0745,3437
10/22/14,PA0527,1577
9/27/14,PA0126,7732
4/17/14,PA0394,527
12/27/14,PA0923,9767
12/24/14,PA0745,9389
10/3/14,PA0482,1050
3/6/14,PA0293,3738
9/4/14,PA0792,5540
12/3/14,PA0696,4130
11/2/14,PA0873,792
7/8/14,PA0534,7520
4/12/14,PA0338,7179
11/6/14,PA0552,3536
7/30/14,PA0394,4888
5/11/14,PA0394,10681
6/17/14,PA0394,2004
3/17/14,PA0198,10597
1/16/14,PA0923,6121
10/13/14,PA0482,4814
12/15/14,PA0543,234
4/16/14,PA0678,4628
3/23/14,PA0830,11012
5/24/14,PA0923,2192
5/9/14,PA0619,5637
7/24/14,PA0368,7167
5/15/14,PA0830,5986
9/8/14,PA0859,3276
12/6/14,PA0808,10905
9/3/14,PA0057,9363
5/6/14,PA0368,11920
9/26/14,PA0543,6648
5/6/14,PA0659,5288
6/4/14,PA0277,7567
7/2/14,PA0198,4200
1/15/14,PA0873,11093
12/6/14,PA0467,5972
12/11/14,PA0126,1920
8/24/14,PA0202,10980
2/3/14,PA0308,9890
8/7/14,PA0470,10282
12/27/14,PA0277,660
10/9/14,PA0619,6704
8/9/14,PA0470,4791
4/7/14,PA0843,6094
2/20/14,PA0672,11595
10/18/14,PA0126,62
5/12/14,PA0752,8164
6/22/14,PA0527,10720
5/23/14,PA0745,7119
9/13/14,PA0202,4227
4/28/14,PA0258,6269
2/9/14,PA0318,10012
1/11/14,PA0619,11976
3/18/14,PA0202,8000
12/14/14,PA0745,1028
11/1/14,PA0859,7259
1/15/14,PA0619,7034
2/26/14,PA0411,8294
1/12/14,PA0552,4815
8/25/14,PA0696,9747
7/23/14,PA0619,9534
11/7/14,PA0352,1907
5/19/14,PA0732,6921
5/3/14,PA0552,1647
6/4/14,PA0411,1441
8/26/14,PA0552,6739
4/15/14,PA0619,4220
8/14/14,PA0543,9500
7/20/14,PA0482,6009
11/25/14,PA0952,859
9/2/14,PA0126,10044
8/11/14,PA0354,906
5/18/14,PA0552,10535
8/17/14,PA0958,4055
12/3/14,PA0277,10647
3/24/14,PA0752,8231
8/17/14,PA0577,3388
6/29/14,PA0619,5657
7/28/14,PA0368,8333
5/28/14,PA0277,5460
2/21/14,PA0607,9441
9/10/14,PA0474,10067
9/12/14,PA0843,8551
10/29/14,PA0482,10568
9/30/14,PA0126,4226
9/29/14,PA0952,2717
9/23/14,PA0308,3189
3/1/14,PA0830,1715
10/8/14,PA0900,5202
10/19/14,PA0900,5433
6/2/14,PA0368,5548
9/11/14,PA0470,620
7/29/14,PA0057,5633
5/10/14,PA0202,5123
7/31/14,PA0552,7888
9/16/14,PA0352,5105
8/28/14,PA0202,3110
5/20/14,PA0318,10491
3/8/14,PA0198,11311
11/10/14,PA0293,10919
3/22/14,PA0467,869
6/3/14,PA0859,338
11/23/14,PA0308,9551
1/25/14,PA0732,4357
12/23/14,PA0202,2796
6/27/14,PA0527,1202
11/29/14,PA0830,7817
10/10/14,PA0543,1504
5/10/14,PA0467,9715
11/19/14,PA0527,7949
9/6/14,PA0202,3292
12/5/14,PA0958,6077
5/15/14,PA0202,10274
6/22/14,PA0534,6875
8/30/14,PA0552,2278
11/28/14,PA0923,1744
12/26/14,PA0923,11555
3/14/14,PA0830,11925
4/12/14,PA0474,533
6/21/14,PA0411,4907
7/2/14,PA0830,11697
11/23/14,PA0526,3303
7/11/14,PA0482,2712
2/20/14,PA0751,1009
10/26/14,PA0859,6651
5/23/14,PA0843,5623
8/30/14,PA0672,5118
1/5/14,PA0732,8734
10/18/14,PA0470,4091
7/26/14,PA0470,2076
7/1/14,PA0527,10283
10/26/14,PA0732,7125
1/27/14,PA0057,6298
8/25/14,PA0659,9859
9/15/14,PA0678,7747
4/9/14,PA0873,4974
5/1/14,PA0308,5651
7/15/14,PA0352,703
6/3/14,PA0394,8479
2/25/14,PA0467,3068
2/14/14,PA0745,1384
3/17/14,PA0752,NA
2/9/14,PA0368,10237
10/21/14,PA0859,5285
2/3/14,PA0411,8829
10/19/14,PA0843,9954
1/27/14,PA0270,2847
7/18/14,PA0577,5699
5/4/14,PA0808,1653
12/22/14,PA0126,11444
4/4/14,PA0308,3739
10/16/14,PA0830,3694
1/10/14,PA0198,1296
1/19/14,PA0751,6298
10/9/14,PA0534,4698
1/2/14,PA0843,3957
2/10/14,PA0752,434
1/17/14,PA0293,11415
12/18/14,PA0352,6855
12/12/14,PA0808,5335
2/25/14,PA0198,7249
3/17/14,PA0830,5448
2/25/14,PA0952,375
12/19/14,PA0696,10573
11/23/14,PA0470,6092
7/19/14,PA0830,2446
12/25/14,PA0474,7708
9/19/14,PA0830,NA
10/29/14,PA0923,6704
12/24/14,PA0923,10244
1/19/14,PA0843,1186
3/21/14,PA0526,9912
3/21/14,PA0394,2062
5/2/14,PA0338,8205
1/11/14,PA0467,2056
3/31/14,PA0368,10261
11/1/14,PA0843,7039
4/3/14,PA0467,1908
3/11/14,PA0808,4457
7/18/14,PA0411,7509
10/30/14,PA0552,6626
3/14/14,PA0474,9082
7/10/14,PA0293,4764
10/4/14,PA0696,2135
1/27/14,PA0169,1559
9/23/14,PA0900,1975
12/28/14,PA0696,4335
11/13/14,PA0467,8946
1/14/14,PA0352,8546
2/15/14,PA0923,9015
9/5/14,PA0678,5095
2/6/14,PA0174,5674
5/26/14,PA0168,9990
6/17/14,PA0411,7637
3/8/14,PA0169,291
11/13/14,PA0619,8199
1/31/14,PA0527,10600
4/6/14,PA0411,3282
5/9/14,PA0277,NA
8/16/14,PA0308,5584
2/3/14,PA0527,11744
11/30/14,PA0308,4085
7/9/14,PA0900,9033
12/3/14,PA0672,2460
1/16/14,PA0577,1542
10/11/14,PA0873,3199
11/2/14,PA0198,10892
12/28/14,PA0174,10303
12/10/14,PA0543,9156
11/28/14,PA0534,NA
2/22/14,PA0923,11113
7/6/14,PA0270,10603
12/19/14,PA0293,5906
10/29/14,PA0952,252
3/2/14,PA0958,9670
3/10/14,PA0958,7209
8/13/14,PA0923,6685
10/7/14,PA0659,10580
6/14/14,PA0308,407
8/9/14,PA0678,5953
8/2/14,PA0354,2388
9/9/14,PA0482,5931
5/27/14,PA0696,1427
12/5/14,PA0607,3818
6/29/14,PA0830,5990
7/13/14,PA0318,3430
10/28/14,PA0843,9253
3/27/14,PA0352,3133
3/17/14,PA0308,2128
2/5/14,PA0168,988
1/1/14,PA0751,2532
12/21/14,PA0792,4516
6/6/14,PA0752,11812
10/10/14,PA0952,384
4/9/14,PA0527,399
11/15/14,PA0467,5687
7/23/14,PA0482,2488
8/22/14,PA0057,NA
8/14/14,PA0900,6556
6/7/14,PA0843,7273
7/6/14,PA0057,8422
10/24/14,PA0368,1677
6/26/14,PA0308,6168
10/29/14,PA0678,2696
11/14/14,PA0526,9816
7/16/14,PA0534,7475
1/27/14,PA0696,9620
2/10/14,PA0678,993
2/25/14,PA0057,7729
9/25/14,PA0808,1245
5/10/14,PA0258,6123
8/22/14,PA0526,10972
10/27/14,PA0470,7139
8/25/14,PA0318,2761
4/1/14,PA0482,2758
12/1/14,PA0534,7405
5/26/14,PA0057,48
4/15/14,PA0527,10775
7/8/14,PA0318,9912
7/20/14,PA0732,1595
2/20/14,PA0843,3023
5/8/14,PA0900,9873
10/25/14,PA0527,2238
8/30/14,PA0745,5549
6/8/14,PA0258,1291
11/2/14,PA0470,55
7/12/14,PA0202,547
5/20/14,PA0470,4292
6/13/14,PA0696,11805
9/15/14,PA0843,4106
8/12/14,PA0973,3243
10/14/14,PA0526,2126
6/3/14,PA0672,9050
9/30/14,PA0745,2760
6/4/14,PA0696,5227
7/17/14,PA0843,4345
3/11/14,PA0258,560
9/16/14,PA0952,3733
2/27/14,PA0293,1738
6/19/14,PA0168,9259
9/5/14,PA0577,2505
12/10/14,PA0534,11239
7/25/14,PA0543,5340
5/6/14,PA0808,703
7/28/14,PA0792,1256
1/20/14,PA0952,7234
3/16/14,PA0474,10640
8/6/14,PA0169,3421
9/17/14,PA0873,893
1/13/14,PA0830,7421
11/14/14,PA0923,9433
11/14/14,PA0752,1711
2/22/14,PA0745,8969
7/9/14,PA0526,10171
7/29/14,PA0792,8055
6/30/14,PA0696,7546
10/22/14,PA0619,7918
8/26/14,PA0678,2444
9/12/14,PA0169,8622
12/30/14,PA0470,10222
12/15/14,PA0659,4455
2/10/14,PA0527,3982
9/28/14,PA0526,10604
2/20/14,PA0198,3075
4/11/14,PA0198,5088
12/7/14,PA0293,9967
4/16/14,PA0467,9804
4/29/14,PA0659,292
11/2/14,PA0973,5590
12/15/14,PA0843,1520
5/6/14,PA0198,6824
8/26/14,PA0293,9502
1/21/14,PA0607,2022
4/2/14,PA0808,3679
12/22/14,PA0973,9729
9/1/14,PA0308,1276
4/27/14,PA0958,3297
3/27/14,PA0169,4989
6/30/14,PA0752,9152
11/1/14,PA0352,868
8/28/14,PA0394,882
8/7/14,PA0308,6637
10/28/14,PA0352,4403
5/9/14,PA0659,9376
5/26/14,PA0873,10178
2/10/14,PA0552,3392
4/10/14,PA0174,8216
8/2/14,PA0843,8649
12/9/14,PA0126,4774
7/8/14,PA0873,5638
1/7/14,PA0552,1481
11/19/14,PA0258,6727
8/7/14,PA0318,10198
6/20/14,PA0672,9464
1/18/14,PA0534,1518
6/13/14,PA0752,9814
10/18/14,PA0607,5880
10/25/14,PA0745,7667
2/20/14,PA0873,11
10/3/14,PA0202,6078
5/14/14,PA0672,4033
8/20/14,PA0843,8263
5/17/14,PA0808,3235
1/13/14,PA0169,10805
11/16/14,PA0745,4582
3/30/14,PA0923,2744
3/25/14,PA0732,1736
8/22/14,PA0174,7869
3/28/14,PA0672,6532
12/24/14,PA0958,8917
1/20/14,PA0577,11777
7/26/14,PA0973,4323
3/1/14,PA0258,8885
10/23/14,PA0745,3453
9/9/14,PA0751,5135
3/21/14,PA0952,8263
11/12/14,PA0843,1641
12/25/14,PA0732,6281
3/29/14,PA0543,9878
6/8/14,PA0659,11594
5/6/14,PA0168,2505
5/3/14,PA0308,4466
9/14/14,PA0126,8230
6/10/14,PA0352,4704
7/26/14,PA0338,1025
2/2/14,PA0467,9023
1/4/14,PA0843,3974
5/24/14,PA0659,8264
3/22/14,PA0792,3435
7/20/14,PA0126,7579
2/8/14,PA0470,3723
4/21/14,PA0526,6504
7/25/14,PA0923,11907
9/26/14,PA0467,8009
12/2/14,PA0751,2198
4/12/14,PA0174,5238
4/20/14,PA0277,3189
4/7/14,PA0354,11035
11/30/14,PA0659,6194
5/12/14,PA0808,2569
3/6/14,PA0859,2989
6/17/14,PA0338,7384
3/29/14,PA0318,5236
9/19/14,PA0843,5107
11/12/14,PA0659,6874
9/16/14,PA0258,2283
12/14/14,PA0202,11046
6/15/14,PA0168,9523
11/9/14,PA0552,607
11/10/14,PA0923,9725
10/23/14,PA0126,22
7/26/14,PA0696,5147
7/1/14,PA0467,7480
7/24/14,PA0352,7183
6/10/14,PA0277,10682
1/22/14,PA0308,8453
5/15/14,PA0368,1800
11/4/14,PA0678,7730
2/24/14,PA0169,107
8/1/14,PA0482,6561
8/13/14,PA0952,3860
3/14/14,PA0308,462
6/30/14,PA0923,9900
5/22/14,PA0270,10748
11/12/14,PA0169,1807
7/14/14,PA0338,11129
7/29/14,PA0126,10785
10/25/14,PA0607,11018
12/22/14,PA0696,9115
11/9/14,PA0577,2317
6/23/14,PA0952,3292
9/10/14,PA0318,6804
9/17/14,PA0126,7929
12/2/14,PA0318,9183
7/16/14,PA0394,2870
10/2/14,PA0198,5349
6/27/14,PA0318,7607
7/30/14,PA0900,9091
1/6/14,PA0470,10993
11/12/14,PA0534,5630
10/30/14,PA0751,3069
2/28/14,PA0923,10436
4/27/14,PA0659,4927
1/5/14,PA0543,1160
2/2/14,PA0752,10356
9/23/14,PA0873,3684
11/6/14,PA0732,7952
4/16/14,PA0732,5694
9/28/14,PA0830,7859
2/21/14,PA0792,872
12/19/14,PA0338,6072
10/3/14,PA0057,7886
7/21/14,PA0751,7958
7/24/14,PA0308,6762
1/13/14,PA0293,6015
8/25/14,PA0808,6793
5/21/14,PA0751,5944
4/29/14,PA0270,3041
5/19/14,PA0202,8650
2/3/14,PA0057,1002
7/17/14,PA0751,11693
11/1/14,PA0577,10521
8/3/14,PA0745,9179
8/19/14,PA0318,10432
9/8/14,PA0411,10985
10/12/14,PA0338,3841
6/29/14,PA0482,10391
11/30/14,PA0411,4833
12/30/14,PA0318,7705
8/28/14,PA0751,6197
4/1/14,PA0808,6831
11/3/14,PA0830,3100
1/22/14,PA0751,3260
10/24/14,PA0577,6186
9/21/14,PA0696,9136
11/3/14,PA0900,11153
9/2/14,PA0394,1578
6/9/14,PA0696,7631
5/23/14,PA0952,9253
10/13/14,PA0808,1341
7/23/14,PA0607,3140
1/21/14,PA0808,3594
3/2/14,PA0577,921
11/11/14,PA0308,5513
5/29/14,PA0952,2698
11/19/14,PA0792,2509
6/23/14,PA0672,11354
8/29/14,PA0411,3295
11/17/14,PA0923,2098
3/13/14,PA0474,8148
6/2/14,PA0270,9046
5/20/14,PA0354,8913
6/4/14,PA0470,8532
6/26/14,PA0057,5115
1/5/14,PA0607,9072
11/26/14,PA0923,5280
7/25/14,PA0534,135
3/12/14,PA0873,6846
9/30/14,PA0293,2137
5/11/14,PA0293,815
12/28/14,PA0202,1133
2/1/14,PA0258,5020
3/25/14,PA0368,2286
12/1/14,PA0270,9739
6/7/14,PA0338,8555
8/13/14,PA0277,7857
11/30/14,PA0732,159
9/23/14,PA0577,137
11/15/14,PA0411,5753
3/17/14,PA0277,7019
10/2/14,PA0411,10316
7/19/14,PA0318,11941
4/13/14,PA0526,5466
1/23/14,PA0394,2438
1/5/14,PA0277,5670
11/20/14,PA0678,9385
9/23/14,PA0830,4256
8/31/14,PA0202,8553
2/14/14,PA0952,520
11/25/14,PA0577,10423
7/5/14,PA0202,8170
2/4/14,PA0527,237
4/17/14,PA0923,9139
12/2/14,PA0792,9397
6/6/14,PA0526,87
10/18/14,PA0923,2387
8/4/14,PA0745,7223
1/13/14,PA0577,7525
7/4/14,PA0169,3049
6/18/14,PA0552,4536
11/29/14,PA0174,198
3/1/14,PA0338,8057
10/1/14,PA0394,8949
8/18/14,PA0672,11650
6/28/14,PA0745,11678
5/28/14,PA0751,10249
5/18/14,PA0751,10821
1/26/14,PA0202,3279
3/22/14,PA0923,1776
11/23/14,PA0808,7140
1/6/14,PA0792,475
7/27/14,PA0368,3484
8/5/14,PA0474,3698
2/3/14,PA0859,4561
3/7/14,PA0534,9305
1/15/14,PA0526,6067
12/28/14,PA0732,994
8/1/14,PA0843,1400
11/17/14,PA0293,4551
11/24/14,PA0352,7971
3/17/14,PA0526,5435
3/10/14,PA0482,4048
11/4/14,PA0534,11774
8/10/14,PA0198,990
7/9/14,PA0057,81
3/27/14,PA0732,8527
2/27/14,PA0202,7475
10/22/14,PA0577,6664
11/28/14,PA0752,426
8/30/14,PA0543,2834
12/16/14,PA0352,1087
6/1/14,PA0467,8743
1/4/14,PA0168,11958
6/11/14,PA0619,10597
3/16/14,PA0527,11736
1/28/14,PA0527,8329
5/25/14,PA0619,5461
6/7/14,PA0411,2324
9/3/14,PA0973,9663
8/26/14,PA0808,1485
4/7/14,PA0526,1531
6/22/14,PA0467,3796
4/26/14,PA0859,11951
3/19/14,PA0751,7448
6/5/14,PA0830,4525
1/10/14,PA0126,4456
6/15/14,PA0534,8537
11/6/14,PA0859,10506
5/6/14,PA0467,8382
1/8/14,PA0534,5696
8/15/14,PA0474,4295
6/7/14,PA0552,4926
3/9/14,PA0577,3122
10/24/14,PA0859,8767
10/2/14,PA0900,8675
4/3/14,PA0792,7670
4/9/14,PA0672,9341
3/25/14,PA0474,11691
7/29/14,PA0527,11860
10/6/14,PA0808,10408
7/23/14,PA0672,3433
8/24/14,PA0293,4968
5/24/14,PA0792,206
10/15/14,PA0318,3822
6/28/14,PA0830,8101
10/11/14,PA0672,1180
2/14/14,PA0543,8812
12/15/14,PA0270,6743
8/5/14,PA0126,4163
7/28/14,PA0174,4279
4/10/14,PA0577,11105
2/1/14,PA0057,11096
12/20/14,PA0973,2273
10/11/14,PA0318,5398
5/1/14,PA0923,7568
5/11/14,PA0318,2128
6/24/14,PA0308,1339
3/8/14,PA0732,6748
6/21/14,PA0923,4139
6/12/14,PA0318,7093
2/26/14,PA0318,10869
12/18/14,PA0482,10763
4/18/14,PA0745,1431
4/9/14,PA0308,9259
5/18/14,PA0958,6725
11/19/14,PA0843,9756
7/17/14,PA0607,9853
8/18/14,PA0318,11630
2/10/14,PA0732,3321
3/22/14,PA0751,6014
2/6/14,PA0202,10968
7/19/14,PA0169,10953
3/22/14,PA0830,2793
2/18/14,PA0318,4382
3/6/14,PA0527,8261
3/13/14,PA0752,2353
4/22/14,PA0394,10643
8/30/14,PA0526,8579
9/30/14,PA0859,9897
7/24/14,PA0577,10942
12/22/14,PA0527,7307
10/18/14,PA0168,3146
5/12/14,PA0792,8005
12/19/14,PA0752,7641
10/9/14,PA0696,6232
7/12/14,PA0126,4619
5/1/14,PA0169,8205
5/11/14,PA0745,6697
11/28/14,PA0318,6754
8/14/14,PA0619,NA
3/10/14,PA0202,3062
11/16/14,PA0973,2072
2/7/14,PA0672,11956
2/9/14,PA0470,2922
6/13/14,PA0732,10664
5/19/14,PA0474,235
8/26/14,PA0368,1925
7/25/14,PA0474,11439
6/25/14,PA0270,603
1/19/14,PA0318,10535
2/26/14,PA0526,4245
9/12/14,PA0126,5358
7/1/14,PA0394,861
7/23/14,PA0338,1124
3/31/14,PA0873,5734
8/15/14,PA0168,9890
5/13/14,PA0607,3210
7/4/14,PA0873,8212
9/22/14,PA0543,7192
12/21/14,PA0168,9071
9/8/14,PA0552,7589
3/13/14,PA0354,9850
1/27/14,PA0973,3048
8/3/14,PA0577,5391
11/5/14,PA0732,5540
3/25/14,PA0126,2409
10/20/14,PA0619,1600
8/2/14,PA0751,6421
12/11/14,PA0552,6897
5/16/14,PA0859,2882
8/24/14,PA0174,2580
7/8/14,PA0308,2512
7/7/14,PA0552,3530
3/10/14,PA0952,8911
4/20/14,PA0696,11260
4/28/14,PA0308,10863
8/30/14,PA0923,992
9/14/14,PA0830,8413
5/4/14,PA0607,9606
12/3/14,PA0198,329
8/6/14,PA0470,10098
6/27/14,PA0338,8157
7/20/14,PA0169,6687
4/16/14,PA0900,5040
4/10/14,PA0168,6389
1/15/14,PA0745,321
5/15/14,PA0752,10351
7/8/14,PA0467,324
10/4/14,PA0338,7316
7/17/14,PA0534,3545
7/14/14,PA0619,2773
10/26/14,PA0057,435
11/14/14,PA0270,4821
4/13/14,PA0672,62
7/31/14,PA0270,6728
12/28/14,PA0751,4212
11/1/14,PA0394,7906
11/25/14,PA0308,1378
6/21/14,PA0672,11479
9/26/14,PA0126,4156
2/1/14,PA0659,11431
8/12/14,PA0659,7891
7/5/14,PA0270,11137
6/19/14,PA0527,5141
12/8/14,PA0607,5492
3/1/14,PA0577,1048
12/13/14,PA0792,4011
2/12/14,PA0318,11450
10/6/14,PA0792,6229
9/3/14,PA0482,576
7/31/14,PA0057,10238
7/7/14,PA0577,3956
11/3/14,PA0202,5921
2/19/14,PA0659,2773
11/24/14,PA0277,10500
7/17/14,PA0169,6495
10/11/14,PA0198,354
6/3/14,PA0543,10458
7/2/14,PA0958,2508
6/3/14,PA0474,1982
12/10/14,PA0952,934
8/27/14,PA0552,5869
2/4/14,PA0411,6909
3/23/14,PA0873,9022
9/13/14,PA0411,10375
9/27/14,PA0202,7044
11/5/14,PA0751,1772
9/9/14,PA0752,10638
7/18/14,PA0338,10569
11/10/14,PA0900,4268
3/31/14,PA0543,5401
8/11/14,PA0411,175
4/4/14,PA0470,844
1/29/14,PA0057,11838
10/20/14,PA0752,84
7/16/14,PA0808,7724
1/31/14,PA0607,728
6/21/14,PA0973,10414
11/9/14,PA0958,5355
1/3/14,PA0338,1325
6/23/14,PA0752,4617
1/18/14,PA0958,6142
5/4/14,PA0174,6909
5/22/14,PA0174,11412
2/7/14,PA0859,10754
9/8/14,PA0482,4094
8/23/14,PA0577,10189
4/5/14,PA0474,8845
10/17/14,PA0308,25
2/28/14,PA0168,11041
6/20/14,PA0619,4925
10/5/14,PA0368,4076
3/11/14,PA0830,2547
12/19/14,PA0552,NA
1/21/14,PA0696,3412
5/9/14,PA0552,919
10/18/14,PA0859,11347
3/8/14,PA0830,3450
3/13/14,PA0745,10207
4/15/14,PA0467,5550
2/24/14,PA0354,3539
5/20/14,PA0368,5357
2/9/14,PA0577,10327
1/31/14,PA0752,5449
7/8/14,PA0168,11945
1/27/14,PA0808,6668
9/6/14,PA0873,7991
12/31/14,PA0952,4981
11/2/14,PA0751,6516
2/2/14,PA0672,6981
4/29/14,PA0900,4610
6/6/14,PA0808,8120
2/4/14,PA0958,5857
1/28/14,PA0202,6251
12/29/14,PA0830,10940
8/30/14,PA0859,5126
10/12/14,PA0527,2936
12/28/14,PA0394,9357
6/28/14,PA0543,2702
8/15/14,PA0482,503
6/15/14,PA0672,1680
1/20/14,PA0174,2919
3/10/14,PA0527,7030
7/23/14,PA0659,9317
3/3/14,PA0354,5848
9/30/14,PA0198,4217
11/24/14,PA0792,6913
7/8/14,PA0474,1713
9/13/14,PA0318,9345
4/27/14,PA0277,1936
10/16/14,PA0543,1894
11/27/14,PA0318,9076
6/12/14,PA0352,6253
3/19/14,PA0526,2897
4/30/14,PA0352,10885
4/6/14,PA0678,7170
7/19/14,PA0411,3566
3/1/14,PA0619,899
6/25/14,PA0174,2438
6/16/14,PA0751,6229
1/4/14,PA0745,9053
7/6/14,PA0467,7699
12/18/14,PA0808,6913
5/2/14,PA0619,2319
7/8/14,PA0619,3802
12/25/14,PA0352,9392
6/4/14,PA0843,4581
9/30/14,PA0354,5350
9/29/14,PA0678,8780
12/9/14,PA0174,2861
1/24/14,PA0258,6505
7/16/14,PA0958,3255
4/15/14,PA0552,8564
1/6/14,PA0202,5365
2/23/14,PA0900,9164
1/14/14,PA0470,11771
8/4/14,PA0830,9004
1/7/14,PA0900,3465
6/6/14,PA0258,590
7/28/14,PA0198,5349
4/12/14,PA0411,2810
10/27/14,PA0293,4056
6/12/14,PA0338,4180
2/26/14,PA0696,6208
6/13/14,PA0198,6709
2/7/14,PA0126,4600
12/29/14,PA0843,5766
9/4/14,PA0527,5773
12/3/14,PA0752,9003
10/25/14,PA0752,7905
6/17/14,PA0474,127
7/22/14,PA0752,4623
11/16/14,PA0751,6904
4/26/14,PA0057,11002
10/18/14,PA0411,2120
4/13/14,PA0368,3622
3/5/14,PA0607,6777
2/15/14,PA0527,9741
2/16/14,PA0751,1511
8/20/14,PA0277,3436
7/5/14,PA0808,8750
2/4/14,PA0843,802
12/26/14,PA0678,3573
1/11/14,PA0258,5089
4/23/14,PA0607,6363
4/1/14,PA0057,11615
2/4/14,PA0619,9673
10/11/14,PA0174,8482
1/18/14,PA0411,8596
5/9/14,PA0808,10824
5/6/14,PA0318,3434
2/16/14,PA0843,879
10/23/14,PA0859,5228
1/18/14,PA0732,9814
2/22/14,PA0169,11115
10/18/14,PA0338,9101
8/4/14,PA0202,10543
10/25/14,PA0534,10469
8/30/14,PA0534,6141
3/18/14,PA0952,1088
8/9/14,PA0958,10991
5/28/14,PA0619,11981
2/19/14,PA0577,7338
5/4/14,PA0526,735
3/9/14,PA0607,8338
4/11/14,PA0293,11446
1/27/14,PA0534,4100
11/15/14,PA0792,6555
11/30/14,PA0338,11365
2/16/14,PA0923,7008
6/7/14,PA0859,7007
3/13/14,PA0394,5118
6/18/14,PA0659,6174
10/4/14,PA0552,5544
10/19/14,PA0368,3803
3/2/14,PA0270,9398
1/10/14,PA0482,4019
2/6/14,PA0474,6212
11/24/14,PA0859,3519
3/18/14,PA0751,3424
9/11/14,PA0859,2620
9/8/14,PA0732,3103
6/11/14,PA0169,4182
3/25/14,PA0543,8479
12/31/14,PA0900,10735
10/6/14,PA0354,5983
7/6/14,PA0470,1955
4/3/14,PA0354,3255
10/20/14,PA0411,11670
2/14/14,PA0352,11338
4/23/14,PA0792,5175
1/8/14,PA0696,1047
4/26/14,PA0958,10357
6/30/14,PA0277,10847
11/14/14,PA0808,4884
2/23/14,PA0202,10961
8/10/14,PA0607,4513
12/21/14,PA0672,4603
12/4/14,PA0607,8480
5/2/14,PA0607,5596
5/17/14,PA0619,10985
1/3/14,PA0859,4809
8/10/14,PA0467,10583
2/26/14,PA0270,11601
9/18/14,PA0752,2832
4/22/14,PA0354,11605
12/28/14,PA0958,8238
8/27/14,PA0900,11787
12/27/14,PA0338,2254
11/30/14,PA0354,708
4/26/14,PA0169,9165
8/31/14,PA0277,10816
1/5/14,PA0973,11618
1/31/14,PA0751,11091
1/27/14,PA0168,4434
10/28/14,PA0202,4300
9/22/14,PA0277,7968
7/16/14,PA0470,9602
5/10/14,PA0900,10192
1/11/14,PA0527,8211
1/14/14,PA0808,2196
11/4/14,PA0873,2892
2/8/14,PA0952,10964
4/9/14,PA0258,4659
11/10/14,PA0168,6735
10/26/14,PA0270,930
7/15/14,PA0607,9347
12/19/14,PA0168,3131
12/10/14,PA0607,3701
6/26/14,PA0752,8392
1/7/14,PA0198,9570
1/23/14,PA0368,1451
12/31/14,PA0198,993
8/10/14,PA0338,418
2/5/14,PA0169,3348
12/20/14,PA0411,9235
8/23/14,PA0607,4965
4/10/14,PA0752,7296
8/29/14,PA0527,233
2/7/14,PA0843,8808
5/21/14,PA0354,9860
6/1/14,PA0270,11318
11/3/14,PA0859,4488
6/25/14,PA0696,8258
11/21/14,PA0577,9012
7/22/14,PA0174,3958
8/29/14,PA0202,8054
4/1/14,PA0394,10464
10/8/14,PA0923,10824
7/25/14,PA0057,626
9/25/14,PA0672,8389
10/31/14,PA0830,11308
11/17/14,PA0308,4712
11/26/14,PA0973,10543
7/19/14,PA0843,9063
7/23/14,PA0198,10060
8/12/14,PA0873,7779
7/17/14,PA0308,1894
8/3/14,PA0126,6733
8/29/14,PA0923,6601
5/4/14,PA0411,2514
1/20/14,PA0308,10063
1/10/14,PA0843,824
4/9/14,PA0552,4758
5/11/14,PA0696,4728
4/23/14,PA0577,11450
4/18/14,PA0168,4837
2/5/14,PA0354,11442
12/8/14,PA0482,8302
6/1/14,PA0577,8610
12/20/14,PA0543,6349
1/14/14,PA0368,969
5/8/14,PA0808,628
2/16/14,PA0474,8784
1/5/14,PA0659,7908
9/21/14,PA0467,6741
7/15/14,PA0467,2061
5/23/14,PA0467,6181
2/28/14,PA0952,5305
8/2/14,PA0577,6156
2/15/14,PA0202,1368
4/27/14,PA0270,8274
4/2/14,PA0552,9977
1/28/14,PA0900,2828
5/29/14,PA0745,7827
5/10/14,PA0751,2254
1/5/14,PA0792,3056
5/16/14,PA0659,1341
6/25/14,PA0470,9131
3/12/14,PA0527,6775
12/2/14,PA0174,1244
7/9/14,PA0394,2624
10/29/14,PA0607,11664
4/25/14,PA0534,4757
8/9/14,PA0057,689
2/20/14,PA0411,1106
7/4/14,PA0552,1077
9/15/14,PA0126,1110
7/27/14,PA0543,2874
6/13/14,PA0659,9285
8/17/14,PA0973,10759
2/22/14,PA0354,8206
6/19/14,PA0526,9411
8/25/14,PA0751,4556
1/30/14,PA0534,2019
4/8/14,PA0368,4342
6/7/14,PA0543,6809
10/6/14,PA0474,9908
3/19/14,PA0534,11756
1/28/14,PA0126,10704
11/5/14,PA0552,11670
11/6/14,PA0958,6272
8/21/14,PA0659,1568
5/16/14,PA0923,6017
6/7/14,PA0696,8614
5/3/14,PA0751,8442
1/16/14,PA0534,626
4/1/14,PA0293,1678
2/22/14,PA0270,81
3/5/14,PA0411,8092
1/18/14,PA0607,5376
8/10/14,PA0270,7293
9/14/14,PA0168,8462
3/1/14,PA0318,6251
5/11/14,PA0958,11246
11/10/14,PA0958,3924
4/6/14,PA0482,11259
3/27/14,PA0607,5552
10/28/14,PA0678,4524
7/26/14,PA0543,2819
4/7/14,PA0577,8438
8/15/14,PA0552,3295
9/17/14,PA0277,10430
4/28/14,PA0973,8608
1/15/14,PA0174,2145
10/7/14,PA0900,8921
7/1/14,PA0923,1967
12/17/14,PA0293,3266
3/7/14,PA0411,2105
9/8/14,PA0659,1478
9/14/14,PA0474,2992
9/22/14,PA0526,7008
4/11/14,PA0411,5959
4/4/14,PA0270,1189
4/30/14,PA0577,4863
11/25/14,PA0900,4112
11/18/14,PA0678,6471
2/2/14,PA0859,7556
8/7/14,PA0678,11032
10/13/14,PA0873,7277
6/23/14,PA0202,9020
4/15/14,PA0474,10164
1/19/14,PA0057,1199
4/26/14,PA0873,10799
3/21/14,PA0900,6834
12/24/14,PA0394,9638
4/19/14,PA0354,11732
8/14/14,PA0126,2129
11/9/14,PA0277,696
1/1/14,PA0526,3241
12/18/14,PA0394,9591
2/17/14,PA0543,5061
4/6/14,PA0619,6522
10/9/14,PA0732,5404
11/30/14,PA0808,3578
6/12/14,PA0859,8097
12/17/14,PA0607,6956
2/19/14,PA0308,5585
11/16/14,PA0659,1530
11/29/14,PA0607,7775
12/13/14,PA0467,3515
10/14/14,PA0543,7499
10/8/14,PA0527,11481
12/5/14,PA0198,7869
9/3/14,PA0534,2352
12/14/14,PA0751,67
2/6/14,PA0678,1536
11/29/14,PA0745,8483
9/2/14,PA0527,6744
8/23/14,PA0752,697
4/29/14,PA0198,8604
4/11/14,PA0696,6606
4/23/14,PA0552,1088
5/31/14,PA0952,346
6/15/14,PA0678,11566
3/10/14,PA0169,10448
1/4/14,PA0732,2860
4/2/14,PA0952,5229
5/19/14,PA0745,1970
7/8/14,PA0859,10643
3/31/14,PA0394,6844
4/17/14,PA0338,1645
6/13/14,PA0543,780
7/27/14,PA0174,9071
1/1/14,PA0830,2161
3/31/14,PA0859,4434
9/18/14,PA0830,7997
3/6/14,PA0277,8658
3/5/14,PA0958,9843
11/8/14,PA0900,2451
7/29/14,PA0659,2910
8/20/14,PA0126,398
12/23/14,PA0474,11121
4/17/14,PA0659,836
4/29/14,PA0745,10845
9/22/14,PA0308,6222
3/4/14,PA0830,5419
7/19/14,PA0808,6851
7/21/14,PA0308,1199
10/22/14,PA0174,4000
1/18/14,PA0830,11090
8/21/14,PA0482,6967
5/18/14,PA0792,8549
5/1/14,PA0672,11606
11/28/14,PA0577,6565
11/25/14,PA0973,2448
7/11/14,PA0338,11655
2/4/14,PA0354,98
7/3/14,PA0368,8481
8/26/14,PA0126,199
7/29/14,PA0678,6912
2/8/14,PA0577,11382
7/18/14,PA0277,11717
5/13/14,PA0258,8613
2/27/14,PA0308,6335
6/15/14,PA0792,9778
11/26/14,PA0308,6047
9/9/14,PA0678,11516
1/26/14,PA0126,7196
7/8/14,PA0752,8294
9/20/14,PA0552,6885
3/7/14,PA0577,9844
6/8/14,PA0577,4018
8/29/14,PA0973,6669
1/23/14,PA0672,9033
12/28/14,PA0277,8814
5/8/14,PA0277,3033
6/20/14,PA0277,1747
2/1/14,PA0308,9326
7/22/14,PA0470,912
7/25/14,PA0318,NA
10/8/14,PA0293,1738
9/8/14,PA0527,10364
4/13/14,PA0270,10490
6/14/14,PA0607,7804
11/21/14,PA0607,11730
9/17/14,PA0527,133
8/8/14,PA0470,9555
12/23/14,PA0308,6621
9/14/14,PA0293,9168
12/4/14,PA0270,6587
1/13/14,PA0174,9983
1/17/14,PA0057,11999
3/28/14,PA0526,7637
9/20/14,PA0470,8791
8/17/14,PA0752,11930
9/2/14,PA0293,8963
4/22/14,PA0619,9292
4/29/14,PA0672,11319
1/11/14,PA0543,5795
5/22/14,PA0198,2337
11/1/14,PA0293,6522
8/13/14,PA0552,2771
6/5/14,PA0607,4768
11/16/14,PA0352,6502
10/7/14,PA0318,7223
2/5/14,PA0607,3135
10/6/14,PA0873,1204
11/26/14,PA0057,1670
5/4/14,PA0619,467
8/18/14,PA0474,10141
10/4/14,PA0394,7665
6/11/14,PA0258,11474
12/11/14,PA0338,1650
6/13/14,PA0470,483
2/17/14,PA0678,9974
4/23/14,PA0696,2365
4/29/14,PA0952,7157
10/13/14,PA0354,3397
3/29/14,PA0352,11783
4/1/14,PA0732,6653
10/12/14,PA0830,11250
7/19/14,PA0168,10445
11/19/14,PA0900,7652
10/14/14,PA0577,10718
2/17/14,PA0258,5347
8/1/14,PA0270,4292
5/29/14,PA0126,6233
9/30/14,PA0474,775
2/10/14,PA0169,9155
9/11/14,PA0843,11686
9/30/14,PA0873,646
10/15/14,PA0678,632
5/10/14,PA0527,7533
5/19/14,PA0394,8862
3/29/14,PA0467,10154
9/1/14,PA0843,8543
12/9/14,PA0792,7041
5/21/14,PA0619,7437
8/11/14,PA0619,930
12/5/14,PA0900,9709
12/29/14,PA0873,10745
6/18/14,PA0470,5483
6/19/14,PA0126,11939
5/23/14,PA0808,10493
3/24/14,PA0527,NA
10/10/14,PA0751,8864
10/2/14,PA0527,8099
3/9/14,PA0258,2168
9/12/14,PA0745,3774
5/20/14,PA0808,9000
11/21/14,PA0308,5191
9/16/14,PA0808,8163
3/10/14,PA0308,10997
6/5/14,PA0696,10697
11/11/14,PA0258,4819
3/4/14,PA0526,8256
6/15/14,PA0808,7022
12/25/14,PA0830,9072
4/21/14,PA0258,2355
5/28/14,PA0368,9101
5/17/14,PA0394,5021
6/17/14,PA0293,6065
9/9/14,PA0952,61
7/24/14,PA0394,11587
4/27/14,PA0526,1277
1/14/14,PA0534,10241
5/15/14,PA0732,681
11/17/14,PA0678,6784
9/2/14,PA0270,4004
11/18/14,PA0057,7114
4/13/14,PA0394,7874
7/21/14,PA0830,9806
5/9/14,PA0270,3173
7/24/14,PA0293,44
12/3/14,PA0751,8049
3/28/14,PA0577,10176
2/27/14,PA0534,5525
2/1/14,PA0470,9195
4/14/14,PA0293,5489
11/29/14,PA0168,8347
7/6/14,PA0527,5053
8/19/14,PA0808,4504
12/18/14,PA0411,2409
6/2/14,PA0411,4153
10/13/14,PA0169,2026
9/1/14,PA0318,11743
8/18/14,PA0859,6838
9/7/14,PA0126,7244
12/26/14,PA0552,4939
10/4/14,PA0830,7937
2/5/14,PA0293,4893
7/7/14,PA0482,10835
5/3/14,PA0293,10505
11/4/14,PA0619,8064
1/2/14,PA0672,4618
4/11/14,PA0467,594
3/20/14,PA0168,594
7/13/14,PA0958,2610
8/16/14,PA0843,228
3/16/14,PA0745,6687
7/28/14,PA0352,10476
4/25/14,PA0808,5184
8/4/14,PA0843,198
7/9/14,PA0808,4969
7/8/14,PA0293,1612
12/10/14,PA0873,8588
1/24/14,PA0696,7272
11/5/14,PA0277,7790
12/25/14,PA0293,4349
2/7/14,PA0293,1261
3/26/14,PA0467,8250
11/18/14,PA0552,9308
6/22/14,PA0293,7050
1/4/14,PA0482,9755
2/21/14,PA0174,11331
7/30/14,PA0368,16
9/10/14,PA0900,10884
3/30/14,PA0577,1518
5/29/14,PA0198,2785
8/15/14,PA0792,7280
3/20/14,PA0973,6386
10/8/14,PA0202,639
6/8/14,PA0958,NA
9/10/14,PA0470,6766
1/22/14,PA0057,11236
8/23/14,PA0368,5870
5/13/14,PA0745,3207
12/8/14,PA0057,418
3/9/14,PA0672,128
2/12/14,PA0751,3691
2/18/14,PA0352,7306
4/1/14,PA0198,256
7/4/14,PA0258,7653
1/8/14,PA0672,9781
5/7/14,PA0923,10072
7/17/14,PA0752,5099
6/14/14,PA0923,10215
3/18/14,PA0659,5539
6/4/14,PA0923,9292
11/20/14,PA0308,9215
12/27/14,PA0830,4688
5/16/14,PA0808,281
4/8/14,PA0202,9489
1/13/14,PA0923,224
2/27/14,PA0318,6635
3/29/14,PA0752,5316
12/25/14,PA0543,8046
6/18/14,PA0859,3439
6/24/14,PA0169,8683
8/12/14,PA0277,2186
11/28/14,PA0958,10137
4/25/14,PA0619,1900
7/29/14,PA0308,1318
2/7/14,PA0543,5496
7/14/14,PA0607,11492
1/25/14,PA0607,6368
12/16/14,PA0792,10951
12/22/14,PA0258,6123
1/31/14,PA0470,4412
4/29/14,PA0577,4470
8/21/14,PA0411,979
8/22/14,PA0534,2168
4/15/14,PA0293,10858
5/24/14,PA0126,2864
12/17/14,PA0958,7967
7/23/14,PA0527,4526
6/29/14,PA0543,5104
11/4/14,PA0057,9197
4/15/14,PA0174,1593
1/22/14,PA0745,5451
3/24/14,PA0973,2963
3/10/14,PA0792,NA
2/21/14,PA0923,5606
6/19/14,PA0808,10221
5/7/14,PA0467,9710
6/17/14,PA0873,7258
2/5/14,PA0352,11589
4/30/14,PA0168,11543
10/31/14,PA0973,1658
2/1/14,PA0873,4188
12/5/14,PA0830,6106
11/25/14,PA0659,2655
3/14/14,PA0198,6382
12/31/14,PA0873,5944
6/10/14,PA0830,4313
9/24/14,PA0958,7623
2/13/14,PA0619,1534
3/6/14,PA0411,10650
7/4/14,PA0202,3009
8/11/14,PA0277,10650
9/6/14,PA0482,2515
11/15/14,PA0696,3231
5/5/14,PA0293,6610
5/29/14,PA0482,7823
8/22/14,PA0552,912
5/16/14,PA0534,8855
9/11/14,PA0552,5050
5/22/14,PA0534,11832
6/9/14,PA0482,1386
10/17/14,PA0672,7292
3/20/14,PA0577,9329
10/30/14,PA0732,6245
11/2/14,PA0057,4309
3/3/14,PA0277,10903
3/2/14,PA0352,10985
5/14/14,PA0923,3216
12/17/14,PA0470,1572
11/3/14,PA0752,7348
1/29/14,PA0672,2730
10/23/14,PA0552,1244
10/30/14,PA0952,5001
8/6/14,PA0808,3784
12/21/14,PA0552,10043
7/1/14,PA0678,9342
12/24/14,PA0526,9194
9/27/14,PA0527,5966
11/13/14,PA0277,10121
2/7/14,PA0258,2608
4/9/14,PA0830,2949
5/9/14,PA0732,11898
7/23/14,PA0923,11984
9/22/14,PA0534,11921
5/28/14,PA0830,9278
10/28/14,PA0732,6772
11/28/14,PA0830,10372
6/8/14,PA0678,5788
10/29/14,PA0543,1703
6/28/14,PA0277,5810
7/31/14,PA0258,7776
8/12/14,PA0792,11184
3/16/14,PA0873,6343
3/11/14,PA0745,4455
3/17/14,PA0470,3856
8/6/14,PA0352,7421
1/15/14,PA0308,9516
9/7/14,PA0174,5869
6/23/14,PA0534,9783
11/2/14,PA0859,3403
4/15/14,PA0534,3823
7/17/14,PA0808,5766
12/7/14,PA0474,5769
10/26/14,PA0277,7553
9/1/14,PA0923,1982
8/5/14,PA0526,10396
6/27/14,PA0859,5208
1/25/14,PA0808,4290
12/4/14,PA0293,8538
12/15/14,PA0552,8108
5/15/14,PA0169,5736
4/7/14,PA0318,10737
6/12/14,PA0169,7938
11/26/14,PA0293,4257
5/29/14,PA0169,2155
6/8/14,PA0169,6799
11/30/14,PA0752,8965
8/14/14,PA0808,9763
6/17/14,PA0900,5514
6/29/14,PA0277,9969
11/3/14,PA0482,2003
11/4/14,PA0526,2311
7/15/14,PA0411,6317
5/29/14,PA0270,2620
12/3/14,PA0368,NA
5/3/14,PA0792,2847
12/23/14,PA0952,7455
2/19/14,PA0168,9397
4/17/14,PA0678,10162
11/24/14,PA0258,10115
2/26/14,PA0792,4707
3/18/14,PA0900,10169
8/31/14,PA0952,4322
5/26/14,PA0198,NA
11/2/14,PA0338,1417
4/12/14,PA0873,5889
9/2/14,PA0607,4135
12/19/14,PA0958,7080
12/26/14,PA0534,1676
2/9/14,PA0678,8441
7/31/14,PA0293,8977
8/1/14,PA0607,743
5/13/14,PA0354,9024
3/4/14,PA0843,3710
1/15/14,PA0607,10498
3/28/14,PA0678,8605
7/22/14,PA0467,5923
11/1/14,PA0873,3385
12/25/14,PA0958,6105
10/21/14,PA0174,6232
6/27/14,PA0973,722
11/7/14,PA0534,1585
2/27/14,PA0678,4292
8/6/14,PA0338,2461
8/28/14,PA0696,8346
6/26/14,PA0293,8858
11/8/14,PA0958,7170
2/17/14,PA0792,10479
6/24/14,PA0318,9121
8/27/14,PA0198,203
2/23/14,PA0808,1895
4/1/14,PA0258,6812
6/10/14,PA0752,6302
9/24/14,PA0923,7831
6/9/14,PA0057,5592
2/5/14,PA0174,NA
7/25/14,PA0394,3654
4/18/14,PA0792,2700
6/5/14,PA0318,10964
2/22/14,PA0672,10996
7/29/14,PA0482,6455
12/19/14,PA0202,9336
4/3/14,PA0751,8236
9/7/14,PA0474,10808
3/9/14,PA0308,5404
8/2/14,PA0474,6649
5/2/14,PA0527,8580
5/14/14,PA0057,1911
5/5/14,PA0552,10323
9/13/14,PA0952,10204
8/25/14,PA0619,4932
12/24/14,PA0752,1766
8/29/14,PA0198,3337
12/20/14,PA0619,5887
6/17/14,PA0843,6243
10/13/14,PA0467,9275
12/23/14,PA0270,8462
12/30/14,PA0859,6849
1/14/14,PA0958,3540
12/14/14,PA0352,3624
4/24/14,PA0745,3810
2/10/14,PA0308,5692
12/24/14,PA0659,2123
10/15/14,PA0659,1453
2/21/14,PA0808,5901
6/16/14,PA0270,2273
2/25/14,PA0792,11422
12/20/14,PA0258,4444
7/16/14,PA0126,7409
9/9/14,PA0338,1320
10/11/14,PA0543,369
7/3/14,PA0318,7584
5/7/14,PA0354,409
6/27/14,PA0696,5784
1/8/14,PA0678,1471
9/18/14,PA0843,5378
2/19/14,PA0126,11918
6/3/14,PA0277,5604
5/21/14,PA0752,3833
5/23/14,PA0873,11059
5/15/14,PA0352,1228
7/1/14,PA0808,6460
6/27/14,PA0543,3215
9/24/14,PA0482,10468
11/3/14,PA0732,1983
11/18/14,PA0368,5361
5/29/14,PA0352,10109
1/17/14,PA0859,11386
10/12/14,PA0198,8830
1/14/14,PA0672,1099
4/27/14,PA0169,7795
2/17/14,PA0577,8500
5/2/14,PA0482,1177
3/21/14,PA0277,4165
3/31/14,PA0577,4689
4/6/14,PA0751,6849
6/20/14,PA0607,1767
5/13/14,PA0751,6190
6/25/14,PA0732,2818
2/18/14,PA0482,11320
7/26/14,PA0843,10193
5/29/14,PA0527,4909
11/5/14,PA0198,8931
11/6/14,PA0352,10364
5/21/14,PA0577,386
5/5/14,PA0308,4841
8/12/14,PA0900,943
8/25/14,PA0270,3362
8/12/14,PA0411,3750
10/20/14,PA0202,8533
11/20/14,PA0411,10804
2/6/14,PA0526,4290
10/5/14,PA0168,4151
7/16/14,PA0526,8333
2/22/14,PA0732,3041
7/19/14,PA0973,11654
7/4/14,PA0368,1961
4/15/14,PA0732,2903
5/5/14,PA0202,8647
3/23/14,PA0792,8476
7/3/14,PA0745,1328
3/23/14,PA0169,7963
12/4/14,PA0482,9229
1/1/14,PA0808,1753
7/2/14,PA0752,1517
3/23/14,PA0751,3055
6/21/14,PA0958,3446
8/15/14,PA0126,2899
5/14/14,PA0577,2821
11/10/14,PA0843,1057
8/7/14,PA0745,10323
10/18/14,PA0792,7758
11/22/14,PA0474,9611
11/30/14,PA0900,NA
8/17/14,PA0057,828
5/24/14,PA0338,6678
6/7/14,PA0672,2852
6/4/14,PA0394,2184
4/14/14,PA0411,2978
9/20/14,PA0672,11922
4/13/14,PA0168,1466
6/12/14,PA0952,7081
10/31/14,PA0672,2094
10/24/14,PA0467,5658
3/26/14,PA0900,11610
7/2/14,PA0352,1949
9/28/14,PA0258,8664
3/21/14,PA0411,5139
7/21/14,PA0752,9496
5/14/14,PA0958,8742
1/12/14,PA0470,6706
9/5/14,PA0270,100
11/20/14,PA0577,6744
4/12/14,PA0308,4405
5/11/14,PA0258,300
3/19/14,PA0678,645
5/23/14,PA0923,2304
3/1/14,PA0352,11935
11/2/14,PA0411,8777
3/19/14,PA0168,9909
10/4/14,PA0258,4990
8/16/14,PA0678,9821
12/12/14,PA0411,7313
3/15/14,PA0169,5049
9/20/14,PA0368,4060
8/2/14,PA0808,1076
2/3/14,PA0900,189
1/30/14,PA0577,8177
1/31/14,PA0338,11256
2/20/14,PA0659,3405
8/11/14,PA0534,243
2/23/14,PA0258,3148
9/16/14,PA0843,7293
2/9/14,PA0352,1116
7/5/14,PA0577,10363
7/6/14,PA0859,10935
4/19/14,PA0126,7632
7/25/14,PA0830,1742
1/27/14,PA0552,7718
2/25/14,PA0843,10127
6/5/14,PA0169,8425
9/21/14,PA0752,588
12/16/14,PA0577,4660
7/14/14,PA0168,11183
8/8/14,PA0277,3871
10/12/14,PA0843,11290
9/25/14,PA0873,7067
8/22/14,PA0577,5411
9/18/14,PA0973,3410
11/10/14,PA0678,514
3/5/14,PA0198,6509
3/17/14,PA0900,1137
5/2/14,PA0394,10451
3/21/14,PA0751,10594
8/7/14,PA0900,5950
9/20/14,PA0338,4381
5/25/14,PA0308,11511
12/28/14,PA0534,1883
5/25/14,PA0792,686
2/7/14,PA0792,804
8/17/14,PA0900,11986
4/3/14,PA0973,1662
10/24/14,PA0258,6813
1/22/14,PA0270,5659
12/27/14,PA0527,9527
8/9/14,PA0543,6524
10/21/14,PA0198,2302
5/31/14,PA0792,402
7/6/14,PA0168,5604
5/12/14,PA0552,5879
11/16/14,PA0958,4109
7/25/14,PA0482,401
9/11/14,PA0368,9523
10/23/14,PA0792,8319
10/1/14,PA0526,8298
10/23/14,PA0696,11151
12/14/14,PA0923,4702
6/14/14,PA0752,2842
4/22/14,PA0308,5151
1/3/14,PA0318,5060
11/6/14,PA0808,4851
11/26/14,PA0873,4091
11/20/14,PA0318,10010
4/13/14,PA0843,4719
3/26/14,PA0830,5978
5/20/14,PA0411,1280
9/21/14,PA0873,6414
2/7/14,PA0168,3424
4/6/14,PA0308,11590
5/8/14,PA0607,251
3/30/14,PA0411,10021
6/3/14,PA0696,6989
9/15/14,PA0577,1166
11/16/14,PA0174,8440
2/27/14,PA0174,3074
10/23/14,PA0293,7717
10/20/14,PA0958,8192
1/22/14,PA0354,9374
4/6/14,PA0394,239
5/27/14,PA0277,5352
12/7/14,PA0277,3226
4/10/14,PA0923,1880
1/31/14,PA0411,9010
8/28/14,PA0352,7584
1/24/14,PA0830,11441
11/29/14,PA0859,1648
6/19/14,PA0859,6248
11/15/14,PA0534,4427
6/5/14,PA0057,9771
8/16/14,PA0411,9385
2/2/14,PA0552,6786
1/28/14,PA0619,1383
5/20/14,PA0672,4016
9/5/14,PA0543,9387
4/25/14,PA0859,415
11/2/14,PA0168,2115
2/11/14,PA0696,9280
4/21/14,PA0168,8418
1/10/14,PA0808,3340
5/22/14,PA0526,7030
4/6/14,PA0843,2093
2/25/14,PA0577,11646
12/26/14,PA0057,5279
11/15/14,PA0354,438
10/16/14,PA0659,11432
12/12/14,PA0792,4707
2/13/14,PA0752,9465
4/10/14,PA0973,8928
5/24/14,PA0308,8072
5/21/14,PA0293,7508
1/22/14,PA0474,6212
12/22/14,PA0952,2293
9/24/14,PA0696,5872
10/22/14,PA0745,2937
11/7/14,PA0543,9310
4/28/14,PA0607,8969
1/12/14,PA0696,9751
1/31/14,PA0534,1887
7/23/14,PA0126,6958
3/16/14,PA0338,1898
5/19/14,PA0672,2024
10/14/14,PA0474,10477
5/2/14,PA0293,10688
7/23/14,PA0394,9497
9/24/14,PA0202,3397
8/17/14,PA0174,8931
1/18/14,PA0057,6293
9/27/14,PA0169,1345
5/3/14,PA0270,9574
9/27/14,PA0873,4443
10/23/14,PA0973,5256
8/16/14,PA0169,2961
12/9/14,PA0474,11766
4/12/14,PA0577,2955
11/13/14,PA0873,3165
1/18/14,PA0696,11540
6/5/14,PA0338,7892
10/25/14,PA0368,9199
11/11/14,PA0900,41
11/27/14,PA0474,3902
12/17/14,PA0534,3659
7/10/14,PA0057,5312
9/6/14,PA0577,10623
12/31/14,PA0751,4949
6/5/14,PA0859,11899
11/15/14,PA0338,1383
11/6/14,PA0672,1706
5/12/14,PA0293,1171
12/23/14,PA0751,3038
9/14/14,PA0543,9746
3/14/14,PA0394,8970
5/25/14,PA0534,3291
5/7/14,PA0973,8466
8/3/14,PA0900,1761
6/9/14,PA0843,5061
1/8/14,PA0352,3443
2/19/14,PA0732,10597
4/27/14,PA0732,2979
12/1/14,PA0526,5882
7/17/14,PA0952,7028
1/26/14,PA0482,9546
3/5/14,PA0057,8365
2/22/14,PA0277,7295
7/30/14,PA0696,2787
9/20/14,PA0057,11583
4/14/14,PA0659,11214
6/22/14,PA0198,1263
3/18/14,PA0308,3859
2/16/14,PA0859,10430
11/9/14,PA0678,4470
2/19/14,PA0672,1915
9/13/14,PA0169,7406
7/17/14,PA0745,3513
5/3/14,PA0873,8328
7/28/14,PA0873,678
12/27/14,PA0958,9612
1/2/14,PA0792,1582
4/9/14,PA0482,11458
10/5/14,PA0411,6827
3/3/14,PA0607,6770
8/13/14,PA0318,9473
3/17/14,PA0482,9658
10/19/14,PA0873,11228
6/9/14,PA0659,7960
11/12/14,PA0174,11261
4/14/14,PA0732,1615
2/2/14,PA0474,8230
2/8/14,PA0318,9042
3/30/14,PA0470,11978
12/26/14,PA0467,1026
2/15/14,PA0258,10485
3/22/14,PA0258,3761
3/12/14,PA0169,8222
7/16/14,PA0696,10235
10/29/14,PA0534,3048
9/15/14,PA0543,1442
6/28/14,PA0859,4125
4/25/14,PA0354,3648
2/26/14,PA0672,11610
9/19/14,PA0696,4254
2/26/14,PA0543,3199
5/15/14,PA0467,4212
6/28/14,PA0482,11694
9/24/14,PA0352,7631
6/26/14,PA0526,3508
1/6/14,PA0900,4111
4/26/14,PA0577,9882
8/20/14,PA0174,3832
10/2/14,PA0659,10254
1/1/14,PA0467,11516
2/3/14,PA0552,256
11/28/14,PA0168,4289
8/29/14,PA0277,9293
5/5/14,PA0411,5274
3/5/14,PA0732,9262
8/25/14,PA0745,5536
3/16/14,PA0859,9115
7/2/14,PA0174,4067
4/25/14,PA0527,5903
11/5/14,PA0543,9018
1/1/14,PA0973,10531
11/2/14,PA0482,6170
9/12/14,PA0873,1476
5/25/14,PA0168,11685
3/16/14,PA0843,6470
7/3/14,PA0672,7925
7/29/14,PA0577,864
4/16/14,PA0696,11515
9/11/14,PA0678,9818
3/4/14,PA0394,3950
8/6/14,PA0751,11897
9/9/14,PA0859,5311
12/17/14,PA0751,5143
4/5/14,PA0752,11795
1/23/14,PA0752,9971
6/21/14,PA0952,10105
7/24/14,PA0843,1401
4/4/14,PA0534,4522
11/2/14,PA0169,10097
6/27/14,PA0174,4536
9/8/14,PA0354,3296
1/13/14,PA0543,10564
10/29/14,PA0752,4069
1/11/14,PA0338,11961
2/15/14,PA0952,8505
2/7/14,PA0659,9798
1/23/14,PA0467,6612
1/1/14,PA0258,3878
3/4/14,PA0270,5578
8/1/14,PA0732,8914
2/9/14,PA0482,10006
3/31/14,PA0526,10913
2/2/14,PA0923,1905
7/11/14,PA0923,10111
6/25/14,PA0552,4809
4/29/14,PA0174,8757
6/4/14,PA0168,8384
10/18/14,PA0534,8685
9/4/14,PA0672,420
9/9/14,PA0308,9206
5/12/14,PA0467,7668
7/11/14,PA0202,333
3/9/14,PA0752,11791
6/23/14,PA0843,11528
10/30/14,PA0368,8614
10/15/14,PA0352,1625
2/2/14,PA0057,2402
3/16/14,PA0577,2647
12/20/14,PA0202,3597
8/25/14,PA0732,10566
1/20/14,PA0543,3370
5/2/14,PA0577,7259
7/2/14,PA0354,6646
2/6/14,PA0270,7367
1/7/14,PA0619,3976
8/29/14,PA0057,9290
11/18/14,PA0277,7310
9/12/14,PA0474,6615
6/11/14,PA0552,2083
10/19/14,PA0830,10152
7/29/14,PA0174,697
3/30/14,PA0830,11282
10/22/14,PA0607,1485
7/19/14,PA0696,7395
8/22/14,PA0202,11750
11/12/14,PA0751,11674
1/15/14,PA0843,988
9/24/14,PA0552,5487
1/23/14,PA0318,3099
7/5/14,PA0672,4239
12/3/14,PA0732,5977
1/16/14,PA0474,2894
1/30/14,PA0318,946
5/14/14,PA0126,3444
12/6/14,PA0202,9411
6/19/14,PA0534,6364
6/22/14,PA0808,11664
12/24/14,PA0293,6480
3/3/14,PA0352,10797
8/2/14,PA0293,10594
9/24/14,PA0900,2193
10/8/14,PA0678,3128
9/23/14,PA0745,9872
6/21/14,PA0258,722
1/7/14,PA0394,NA
12/14/14,PA0368,11359
1/4/14,PA0318,9327
3/19/14,PA0619,10086
8/22/14,PA0751,5301
7/16/14,PA0732,9273
4/30/14,PA0293,8141
1/7/14,PA0607,7935
7/9/14,PA0678,3608
8/25/14,PA0577,8632
10/11/14,PA0368,408
8/16/14,PA0543,1805
5/26/14,PA0745,11319
3/10/14,PA0352,7659
11/26/14,PA0467,9604
10/5/14,PA0394,5728
1/12/14,PA0534,2992
2/10/14,PA0198,8630
2/26/14,PA0368,142
3/6/14,PA0318,8364
1/24/14,PA0202,6565
9/27/14,PA0394,7242
2/8/14,PA0174,389
8/1/14,PA0952,1983
10/21/14,PA0873,760
11/25/14,PA0678,7379
10/10/14,PA0258,8500
3/28/14,PA0751,7442
12/27/14,PA0619,4941
5/20/14,PA0952,239
5/6/14,PA0526,6121
1/1/14,PA0168,3327
11/29/14,PA0672,1615
11/9/14,PA0168,2507
12/17/14,PA0659,10197
9/10/14,PA0202,9762
9/28/14,PA0619,10764
3/8/14,PA0534,10742
6/21/14,PA0745,4443
9/28/14,PA0859,4623
10/4/14,PA0672,6545
6/9/14,PA0552,2344
1/20/14,PA0752,7050
4/21/14,PA0169,3037
8/13/14,PA0659,4683
6/24/14,PA0270,7056
10/2/14,PA0752,4459
3/28/14,PA0619,1474
3/13/14,PA0126,7415
2/12/14,PA0394,4914
3/21/14,PA0338,4873
1/1/14,PA0198,5382
10/16/14,PA0474,966
5/3/14,PA0198,10883
2/12/14,PA0619,9338
7/23/14,PA0732,8649
11/2/14,PA0277,5570
12/25/14,PA0470,1692
10/25/14,PA0394,6296
1/7/14,PA0368,962
9/5/14,PA0277,8501
8/25/14,PA0830,3747
2/11/14,PA0352,9211
12/29/14,PA0368,138
10/9/14,PA0751,6048
8/6/14,PA0057,9769
11/20/14,PA0830,8479
4/30/14,PA0552,4807
9/4/14,PA0174,2964
9/1/14,PA0174,748
8/30/14,PA0607,3275
2/13/14,PA0952,4398
3/1/14,PA0745,6366
1/6/14,PA0808,4859
3/26/14,PA0745,9567
12/1/14,PA0543,11909
3/22/14,PA0338,1082
1/30/14,PA0900,3455
8/25/14,PA0338,10481
2/25/14,PA0411,7608
11/30/14,PA0973,7582
2/11/14,PA0830,6100
5/31/14,PA0859,5978
8/25/14,PA0474,11113
2/19/14,PA0752,4215
10/25/14,PA0696,5938
12/12/14,PA0534,11975
5/26/14,PA0527,2744
6/5/14,PA0873,3549
2/4/14,PA0270,10454
12/17/14,PA0752,2291
4/18/14,PA0752,3923
3/18/14,PA0174,1571
2/11/14,PA0277,2472
1/12/14,PA0198,NA
6/26/14,PA0270,2068
1/1/14,PA0411,4232
2/14/14,PA0467,74
12/5/14,PA0352,7013
3/23/14,PA0843,8899
2/1/14,PA0830,9356
1/7/14,PA0527,7560
3/3/14,PA0270,9228
10/27/14,PA0411,1166
5/26/14,PA0552,10615
1/26/14,PA0411,4176
2/13/14,PA0338,4311
10/8/14,PA0696,8012
1/13/14,PA0394,2124
10/5/14,PA0543,5169
3/9/14,PA0318,584
4/23/14,PA0198,11213
10/16/14,PA0619,3955
9/18/14,PA0474,8645
6/15/14,PA0619,11407
4/4/14,PA0552,4442
8/22/14,PA0482,9077
11/6/14,PA0354,3229
2/24/14,PA0900,1006
11/27/14,PA0277,154
9/17/14,PA0198,4775
9/29/14,PA0552,8387
11/5/14,PA0752,1602
7/12/14,PA0169,4705
4/26/14,PA0751,98
1/3/14,PA0482,6683
8/12/14,PA0843,3118
3/25/14,PA0843,7857
9/16/14,PA0270,9678
10/8/14,PA0277,5832
10/1/14,PA0751,7136
7/31/14,PA0696,8718
1/30/14,PA0745,7527
12/8/14,PA0126,8324
5/12/14,PA0174,7852
1/15/14,PA0338,5092
8/7/14,PA0202,2625
5/9/14,PA0174,1636
7/1/14,PA0900,6930
1/1/14,PA0169,11157
10/2/14,PA0678,6926
7/26/14,PA0352,5356
11/10/14,PA0543,2269
5/6/14,PA0678,10198
9/7/14,PA0168,1474
1/1/14,PA0696,943
4/8/14,PA0293,3641
1/25/14,PA0900,7631
9/17/14,PA0732,7523
1/26/14,PA0952,8538
10/28/14,PA0318,5611
5/31/14,PA0696,10433
6/13/14,PA0527,10881
2/6/14,PA0258,7218
1/13/14,PA0552,3568
9/14/14,PA0174,11767
4/5/14,PA0732,6107
4/30/14,PA0368,10079
1/25/14,PA0952,1368
8/5/14,PA0678,3002
9/7/14,PA0792,5065
2/22/14,PA0659,6942
12/23/14,PA0293,11904
1/7/14,PA0467,263
2/4/14,PA0732,1183
3/7/14,PA0168,11549
9/11/14,PA0270,190
10/1/14,PA0859,NA
1/8/14,PA0792,11645
6/30/14,PA0859,1982
1/21/14,PA0368,2460
8/31/14,PA0270,9735
9/3/14,PA0619,5961
1/9/14,PA0732,8328
8/16/14,PA0552,6976
11/30/14,PA0527,1447
8/1/14,PA0577,8193
7/1/14,PA0474,2340
11/28/14,PA0352,7025
3/25/14,PA0659,6418
6/5/14,PA0198,11317
2/12/14,PA0202,2594
9/16/14,PA0198,8033
1/12/14,PA0352,1306
12/6/14,PA0751,10952
12/24/14,PA0672,1498
10/11/14,PA0126,11507
4/21/14,PA0696,722
11/14/14,PA0126,5833
10/10/14,PA0394,5030
9/26/14,PA0258,3106
11/26/14,PA0318,10187
6/9/14,PA0900,1459
6/2/14,PA0527,11644
1/16/14,PA0168,11876
9/24/14,PA0843,11840
9/17/14,PA0745,4023
12/21/14,PA0534,9143
6/3/14,PA0873,1783
6/8/14,PA0394,3169
4/4/14,PA0873,7762
12/16/14,PA0751,9581
8/24/14,PA0659,6877
10/31/14,PA0258,6206
9/24/14,PA0467,1210
2/9/14,PA0607,8438
3/8/14,PA0174,468
12/12/14,PA0338,2273
9/17/14,PA0678,418
6/5/14,PA0482,7619
10/24/14,PA0973,1982
6/3/14,PA0527,NA
12/12/14,PA0696,290
11/10/14,PA0318,9535
12/9/14,PA0338,3880
2/15/14,PA0352,7186
10/18/14,PA0952,2975
2/24/14,PA0174,11526
3/10/14,PA0394,8001
11/1/14,PA0474,2709
5/5/14,PA0352,2652
10/11/14,PA0696,3655
2/5/14,PA0470,6688
1/20/14,PA0808,7614
6/10/14,PA0318,10608
8/10/14,PA0527,7529
7/7/14,PA0394,8920
5/22/14,PA0752,7949
10/6/14,PA0202,7667
9/6/14,PA0751,3200
12/5/14,PA0470,1149
6/8/14,PA0952,9634
11/24/14,PA0527,8219
3/25/14,PA0923,4042
2/28/14,PA0752,3595
7/25/14,PA0368,9333
9/5/14,PA0830,738
10/3/14,PA0751,8009
11/5/14,PA0527,9571
8/14/14,PA0467,635
2/15/14,PA0751,3908
12/23/14,PA0659,3444
3/22/14,PA0318,9602
9/11/14,PA0952,8396
4/3/14,PA0474,4423
3/24/14,PA0318,6856
6/13/14,PA0308,9200
5/25/14,PA0732,11214
3/16/14,PA0696,6363
6/1/14,PA0843,6955
10/17/14,PA0169,4857
7/1/14,PA0174,8204
4/13/14,PA0474,3285
5/15/14,PA0792,7158
12/28/14,PA0467,9942
5/8/14,PA0352,10087
2/14/14,PA0293,7760
6/28/14,PA0752,8333
11/20/14,PA0751,8951
2/28/14,PA0474,11348
5/30/14,PA0672,330
12/23/14,PA0859,4930
6/29/14,PA0526,6930
6/20/14,PA0696,5962
1/6/14,PA0696,10006
10/21/14,PA0659,2431
12/4/14,PA0057,6965
5/8/14,PA0308,11076
2/22/14,PA0394,1988
12/20/14,PA0659,5224
7/29/14,PA0352,3399
12/17/14,PA0873,11413
2/6/14,PA0830,3465
2/23/14,PA0394,3381
12/19/14,PA0923,7588
3/16/14,PA0277,8314
5/10/14,PA0830,10112
10/29/14,PA0958,5901
10/12/14,PA0467,1148
1/18/14,PA0474,11144
8/11/14,PA0732,2413
12/24/14,PA0169,7931
2/21/14,PA0277,2292
3/14/14,PA0368,3162
7/26/14,PA0308,1262
4/6/14,PA0277,2636
12/3/14,PA0470,6574
7/2/14,PA0308,3582
12/9/14,PA0843,578
9/5/14,PA0258,9148
6/6/14,PA0696,4345
4/4/14,PA0169,10366
8/20/14,PA0659,6140
7/4/14,PA0859,1379
4/11/14,PA0169,308
7/27/14,PA0467,2335
2/3/14,PA0751,1251
6/10/14,PA0411,3651
3/15/14,PA0923,9462
10/18/14,PA0258,10076
12/5/14,PA0354,10333
10/27/14,PA0607,6538
7/12/14,PA0474,4929
2/6/14,PA0543,11712
3/6/14,PA0751,9921
6/8/14,PA0368,NA
1/6/14,PA0732,7631
8/10/14,PA0830,3428
6/14/14,PA0168,2038
4/27/14,PA0923,9839
10/14/14,PA0308,10001
5/9/14,PA0672,9909
11/18/14,PA0732,189
11/29/14,PA0952,3395
11/15/14,PA0659,9476
9/8/14,PA0467,10767
8/12/14,PA0354,10714
1/14/14,PA0126,8634
9/23/14,PA0482,11291
9/27/14,PA0526,5155
11/4/14,PA0258,3192
4/11/14,PA0952,3109
3/7/14,PA0198,9530
12/20/14,PA0526,4775
6/23/14,PA0174,6637
10/22/14,PA0470,6545
6/21/14,PA0202,2400
10/12/14,PA0659,4494
8/3/14,PA0270,10256
10/14/14,PA0619,484
10/7/14,PA0751,4694
2/14/14,PA0659,7106
2/2/14,PA0659,405
2/3/14,PA0258,11407
3/24/14,PA0526,9178
1/11/14,PA0057,3858
12/22/14,PA0354,10653
9/21/14,PA0732,4906
5/3/14,PA0482,235
7/22/14,PA0745,4212
11/18/14,PA0792,5206
5/9/14,PA0900,7439
8/19/14,PA0577,11918
12/4/14,PA0859,1596
11/12/14,PA0830,11375
11/26/14,PA0352,9129
12/14/14,PA0277,6583
5/15/14,PA0659,8510
4/5/14,PA0534,9405
6/22/14,PA0474,7242
10/25/14,PA0672,11540
11/16/14,PA0318,8011
3/28/14,PA0470,9067
3/17/14,PA0474,9627
6/11/14,PA0923,9364
12/28/14,PA0126,11986
7/29/14,PA0672,11944
1/23/14,PA0607,221
6/2/14,PA0696,3987
5/8/14,PA0952,3540
1/4/14,PA0470,11141
2/19/14,PA0808,9292
9/6/14,PA0394,6129
7/30/14,PA0752,8686
9/27/14,PA0830,10904
7/12/14,PA0607,9019
4/9/14,PA0202,4529
12/28/14,PA0354,8062
7/5/14,PA0308,11646
1/25/14,PA0352,2742
9/25/14,PA0293,5865
6/26/14,PA0394,7475
7/5/14,PA0169,3924
11/1/14,PA0338,11905
1/24/14,PA0368,576
8/26/14,PA0973,8790
4/6/14,PA0293,6619
6/1/14,PA0808,11741
5/21/14,PA0126,11966
11/20/14,PA0672,4332
6/17/14,PA0198,7909
11/28/14,PA0751,7966
4/6/14,PA0126,3388
3/26/14,PA0577,1915
1/29/14,PA0745,3219
7/6/14,PA0678,4385
6/14/14,PA0354,1618
6/6/14,PA0057,11059
11/6/14,PA0745,9961
8/25/14,PA0973,5534
5/27/14,PA0338,11466
10/22/14,PA0352,10070
7/31/14,PA0752,6656
10/14/14,PA0527,8573
4/10/14,PA0411,10584
3/20/14,PA0467,4573
2/4/14,PA0672,1485
5/19/14,PA0352,6654
6/12/14,PA0474,8481
5/15/14,PA0258,8804
3/28/14,PA0394,1331
7/23/14,PA0057,7288
3/4/14,PA0467,10039
8/11/14,PA0659,775
5/30/14,PA0923,6501
1/1/14,PA0873,1726
3/31/14,PA0792,11249
3/31/14,PA0174,7243
7/22/14,PA0202,3398
8/4/14,PA0470,1109
4/18/14,PA0923,1821
10/11/14,PA0900,9441
5/14/14,PA0318,7401
8/13/14,PA0338,700
3/7/14,PA0202,7721
5/1/14,PA0174,11540
11/12/14,PA0354,8015
2/10/14,PA0958,709
10/18/14,PA0368,9853
1/28/14,PA0198,3050
1/25/14,PA0792,5357
4/28/14,PA0696,4150
11/29/14,PA0843,2805
5/28/14,PA0258,2809
3/21/14,PA0057,4636
9/30/14,PA0057,9083
1/27/14,PA0527,8433
11/5/14,PA0900,1451
10/27/14,PA0270,3613
6/25/14,PA0923,3112
5/26/14,PA0752,9176
10/26/14,PA0168,3966
3/24/14,PA0411,9751
6/10/14,PA0527,1140
8/19/14,PA0057,8820
12/26/14,PA0543,9452
12/19/14,PA0732,8186
3/23/14,PA0411,6759
6/20/14,PA0482,1789
6/30/14,PA0659,1233
6/5/14,PA0577,8655
2/3/14,PA0873,3796
3/23/14,PA0952,11784
2/15/14,PA0732,10102
1/16/14,PA0470,8640
3/28/14,PA0607,6659
5/8/14,PA0338,11325
9/7/14,PA0394,9204
2/13/14,PA0308,NA
1/21/14,PA0467,9727
7/27/14,PA0745,3797
1/28/14,PA0338,11729
12/29/14,PA0958,7406
11/7/14,PA0318,65
3/19/14,PA0732,6584
9/24/14,PA0174,3827
10/26/14,PA0318,533
8/3/14,PA0923,4963
1/4/14,PA0354,3070
6/7/14,PA0354,6716